side,price,volume,qid,internal_timestamp
S,62688.22,0.0882,100559142,2024-02-29 11:00:26+00:00
S,62688.26,0.00798,100490756,2024-02-29 11:00:26+00:00
S,62688.74,0.00027,100525160,2024-02-29 11:00:26+00:00
S,62689.44,0.14525,100558388,2024-02-29 11:00:26+00:00
S,62689.6,0.094,100557606,2024-02-29 11:00:26+00:00
S,62689.64,0.2436,100556784,2024-02-29 11:00:26+00:00
S,62690.72,0.00638,100549520,2024-02-29 11:00:26+00:00
S,62691.09,0.02128,100555726,2024-02-29 11:00:26+00:00
S,62691.1,0.0638,100517914,2024-02-29 11:00:26+00:00
S,62691.62,0.0012,100535918,2024-02-29 11:00:26+00:00
B,62685.15,0.02011,109203855,2024-02-29 11:00:26+00:00
B,62685.22,0.13,109197951,2024-02-29 11:00:26+00:00
B,62685.23,0.56,109207175,2024-02-29 11:00:26+00:00
B,62685.24,0.15,109206479,2024-02-29 11:00:26+00:00
B,62685.61,0.79591,109206477,2024-02-29 11:00:26+00:00
B,62686.27,0.00013,109212339,2024-02-29 11:00:26+00:00
B,62686.38,0.08849,109206475,2024-02-29 11:00:26+00:00
B,62687.49,0.01277,109212337,2024-02-29 11:00:26+00:00
B,62687.96,0.31898,109206471,2024-02-29 11:00:26+00:00
B,62688.21,6.19793,109210623,2024-02-29 11:00:26+00:00
S,62688.22,0.39876,100567036,2024-02-29 11:00:27+00:00
S,62688.26,0.00798,100490756,2024-02-29 11:00:27+00:00
S,62688.28,0.1559,100566464,2024-02-29 11:00:27+00:00
S,62688.74,0.00027,100525160,2024-02-29 11:00:27+00:00
S,62689.6,0.094,100557606,2024-02-29 11:00:27+00:00
S,62689.64,0.2436,100556784,2024-02-29 11:00:27+00:00
S,62690.72,0.00638,100549520,2024-02-29 11:00:27+00:00
S,62691.09,0.02128,100555726,2024-02-29 11:00:27+00:00
S,62691.1,0.06396,100563690,2024-02-29 11:00:27+00:00
S,62691.62,0.0012,100535918,2024-02-29 11:00:27+00:00
B,62685.22,0.13,109197951,2024-02-29 11:00:27+00:00
B,62685.23,0.55542,109207175,2024-02-29 11:00:27+00:00
B,62685.24,0.15,109206479,2024-02-29 11:00:27+00:00
B,62685.61,0.79591,109206477,2024-02-29 11:00:27+00:00
B,62686.27,0.00013,109212339,2024-02-29 11:00:27+00:00
B,62686.38,0.08849,109206475,2024-02-29 11:00:27+00:00
B,62686.5,0.00016,109215129,2024-02-29 11:00:27+00:00
B,62687.65,0.00016,109215127,2024-02-29 11:00:27+00:00
B,62687.96,0.31898,109206471,2024-02-29 11:00:27+00:00
B,62688.21,6.24922,109218933,2024-02-29 11:00:27+00:00
S,62688.22,0.80225,100572902,2024-02-29 11:00:28+00:00
S,62688.26,0.00798,100490756,2024-02-29 11:00:28+00:00
S,62688.28,0.1559,100566464,2024-02-29 11:00:28+00:00
S,62688.65,0.15949,100571502,2024-02-29 11:00:28+00:00
S,62688.74,0.00027,100525160,2024-02-29 11:00:28+00:00
S,62689.59,0.18659,100570506,2024-02-29 11:00:28+00:00
S,62689.6,0.094,100557606,2024-02-29 11:00:28+00:00
S,62689.64,0.2436,100556784,2024-02-29 11:00:28+00:00
S,62690.72,0.00638,100549520,2024-02-29 11:00:28+00:00
S,62691.09,0.02128,100555726,2024-02-29 11:00:28+00:00
B,62685.22,0.13,109197951,2024-02-29 11:00:28+00:00
B,62685.23,0.55542,109207175,2024-02-29 11:00:28+00:00
B,62685.24,0.15,109206479,2024-02-29 11:00:28+00:00
B,62685.61,0.79591,109206477,2024-02-29 11:00:28+00:00
B,62686.27,0.00013,109212339,2024-02-29 11:00:28+00:00
B,62686.5,0.00016,109215129,2024-02-29 11:00:28+00:00
B,62687.65,0.00016,109215127,2024-02-29 11:00:28+00:00
B,62687.66,0.01536,109225603,2024-02-29 11:00:28+00:00
B,62687.96,0.31898,109206471,2024-02-29 11:00:28+00:00
B,62688.21,5.44071,109223387,2024-02-29 11:00:28+00:00
S,62688.22,2.62348,100578888,2024-02-29 11:00:29+00:00
S,62688.26,0.00798,100490756,2024-02-29 11:00:29+00:00
S,62688.28,0.1559,100566464,2024-02-29 11:00:29+00:00
S,62688.74,0.00027,100525160,2024-02-29 11:00:29+00:00
S,62689.59,0.18659,100570506,2024-02-29 11:00:29+00:00
S,62689.6,0.094,100557606,2024-02-29 11:00:29+00:00
S,62689.64,0.2436,100556784,2024-02-29 11:00:29+00:00
S,62690.72,0.00638,100549520,2024-02-29 11:00:29+00:00
S,62691.09,0.02128,100555726,2024-02-29 11:00:29+00:00
S,62691.1,0.06396,100563690,2024-02-29 11:00:29+00:00
B,62684.2,0.00016,109215131,2024-02-29 11:00:29+00:00
B,62684.6,0.04,109231075,2024-02-29 11:00:29+00:00
B,62685.15,0.02011,109203855,2024-02-29 11:00:29+00:00
B,62685.22,0.13,109197951,2024-02-29 11:00:29+00:00
B,62685.23,0.44279,109207175,2024-02-29 11:00:29+00:00
B,62685.24,0.15,109206479,2024-02-29 11:00:29+00:00
B,62686.27,0.00013,109212339,2024-02-29 11:00:29+00:00
B,62686.5,0.00016,109215129,2024-02-29 11:00:29+00:00
B,62687.65,0.00016,109215127,2024-02-29 11:00:29+00:00
B,62688.21,2.18911,109226715,2024-02-29 11:00:29+00:00
S,62688.22,3.36784,100583548,2024-02-29 11:00:30+00:00
S,62688.26,0.00798,100490756,2024-02-29 11:00:30+00:00
S,62688.28,0.1559,100566464,2024-02-29 11:00:30+00:00
S,62688.74,0.00027,100525160,2024-02-29 11:00:30+00:00
S,62689.59,0.18659,100570506,2024-02-29 11:00:30+00:00
S,62689.6,0.094,100557606,2024-02-29 11:00:30+00:00
S,62689.64,0.2436,100556784,2024-02-29 11:00:30+00:00
S,62689.66,0.31897,100579960,2024-02-29 11:00:30+00:00
S,62690.72,0.00638,100549520,2024-02-29 11:00:30+00:00
S,62691.09,0.02128,100555726,2024-02-29 11:00:30+00:00
B,62684.2,0.00016,109215131,2024-02-29 11:00:30+00:00
B,62684.89,0.0004,109235455,2024-02-29 11:00:30+00:00
B,62685.15,0.15915,109237827,2024-02-29 11:00:30+00:00
B,62685.23,0.44279,109207175,2024-02-29 11:00:30+00:00
B,62685.24,0.15,109206479,2024-02-29 11:00:30+00:00
B,62685.45,0.10773,109236075,2024-02-29 11:00:30+00:00
B,62686.27,0.00013,109212339,2024-02-29 11:00:30+00:00
B,62686.5,0.00016,109215129,2024-02-29 11:00:30+00:00
B,62687.65,0.00016,109215127,2024-02-29 11:00:30+00:00
B,62688.21,0.28118,109226715,2024-02-29 11:00:30+00:00
S,62685.24,7.33858,100589618,2024-02-29 11:00:31+00:00
S,62685.4,0.31899,100589008,2024-02-29 11:00:31+00:00
S,62686.37,0.08849,100589010,2024-02-29 11:00:31+00:00
S,62686.59,0.58347,100589012,2024-02-29 11:00:31+00:00
S,62687.67,0.13,100589014,2024-02-29 11:00:31+00:00
S,62688.1,0.15,100589016,2024-02-29 11:00:31+00:00
S,62688.2,0.31898,100589018,2024-02-29 11:00:31+00:00
S,62688.22,0.3016,100587458,2024-02-29 11:00:31+00:00
S,62688.26,0.00798,100490756,2024-02-29 11:00:31+00:00
S,62688.74,0.00027,100525160,2024-02-29 11:00:31+00:00
B,62677.41,0.02,109244019,2024-02-29 11:00:31+00:00
B,62677.87,0.15951,109244017,2024-02-29 11:00:31+00:00
B,62679.11,0.00019,109209187,2024-02-29 11:00:31+00:00
B,62680.72,0.00012,109205167,2024-02-29 11:00:31+00:00
B,62680.75,0.00016,109215133,2024-02-29 11:00:31+00:00
B,62681.12,0.15,109191179,2024-02-29 11:00:31+00:00
B,62681.44,0.0804,109197967,2024-02-29 11:00:31+00:00
B,62683.29,0.00012,109243419,2024-02-29 11:00:31+00:00
B,62684.2,0.00016,109215131,2024-02-29 11:00:31+00:00
B,62685.23,0.60177,109243417,2024-02-29 11:00:31+00:00
S,62685.24,8.26106,100595656,2024-02-29 11:00:32+00:00
S,62685.4,0.31899,100589008,2024-02-29 11:00:32+00:00
S,62686.37,0.08849,100589010,2024-02-29 11:00:32+00:00
S,62686.59,0.13379,100589012,2024-02-29 11:00:32+00:00
S,62687.18,0.00012,100594630,2024-02-29 11:00:32+00:00
S,62687.54,0.00638,100591484,2024-02-29 11:00:32+00:00
S,62687.67,0.13,100589014,2024-02-29 11:00:32+00:00
S,62688.1,0.15,100589016,2024-02-29 11:00:32+00:00
S,62688.18,0.00016,100591486,2024-02-29 11:00:32+00:00
S,62688.2,0.31898,100589018,2024-02-29 11:00:32+00:00
B,62680.72,0.00012,109205167,2024-02-29 11:00:32+00:00
B,62681.12,0.15,109191179,2024-02-29 11:00:32+00:00
B,62681.37,0.13368,109250203,2024-02-29 11:00:32+00:00
B,62681.44,0.0804,109197967,2024-02-29 11:00:32+00:00
B,62681.58,0.0004,109248867,2024-02-29 11:00:32+00:00
B,62682.12,0.00016,109245937,2024-02-29 11:00:32+00:00
B,62683.2,0.00016,109245931,2024-02-29 11:00:32+00:00
B,62683.29,0.00012,109243419,2024-02-29 11:00:32+00:00
B,62683.92,0.09966,109250927,2024-02-29 11:00:32+00:00
B,62685.23,0.72876,109250199,2024-02-29 11:00:32+00:00
S,62685.24,7.55588,100602658,2024-02-29 11:00:33+00:00
S,62686.2,0.34538,100598604,2024-02-29 11:00:33+00:00
S,62686.37,0.08849,100589010,2024-02-29 11:00:33+00:00
S,62686.59,0.13379,100589012,2024-02-29 11:00:33+00:00
S,62687.18,0.00012,100594630,2024-02-29 11:00:33+00:00
S,62687.54,0.00638,100591484,2024-02-29 11:00:33+00:00
S,62687.66,0.1914,100597688,2024-02-29 11:00:33+00:00
S,62687.67,0.13,100589014,2024-02-29 11:00:33+00:00
S,62688.1,0.15,100589016,2024-02-29 11:00:33+00:00
S,62688.18,0.00016,100591486,2024-02-29 11:00:33+00:00
B,62678.58,0.15951,109260819,2024-02-29 11:00:33+00:00
B,62679.96,0.00016,109245939,2024-02-29 11:00:33+00:00
B,62680.72,0.00012,109205167,2024-02-29 11:00:33+00:00
B,62681.12,0.15,109191179,2024-02-29 11:00:33+00:00
B,62681.44,0.0804,109197967,2024-02-29 11:00:33+00:00
B,62681.58,0.0004,109248867,2024-02-29 11:00:33+00:00
B,62682.12,0.00016,109245937,2024-02-29 11:00:33+00:00
B,62683.2,0.00016,109245931,2024-02-29 11:00:33+00:00
B,62683.29,0.00012,109243419,2024-02-29 11:00:33+00:00
B,62685.23,0.72577,109254049,2024-02-29 11:00:33+00:00
S,62678.04,3.47762,100612208,2024-02-29 11:00:34+00:00
S,62679.78,0.08849,100609706,2024-02-29 11:00:34+00:00
S,62679.8,0.34538,100609708,2024-02-29 11:00:34+00:00
S,62679.97,0.4546,100609710,2024-02-29 11:00:34+00:00
S,62680.03,0.224,100609712,2024-02-29 11:00:34+00:00
S,62680.6,0.15,100609720,2024-02-29 11:00:34+00:00
S,62680.72,0.01222,100608004,2024-02-29 11:00:34+00:00
S,62680.73,0.45281,100612210,2024-02-29 11:00:34+00:00
S,62681.11,0.43536,100611230,2024-02-29 11:00:34+00:00
S,62681.12,0.08028,100608010,2024-02-29 11:00:34+00:00
B,62673.32,0.15,109186509,2024-02-29 11:00:34+00:00
B,62673.41,0.15953,109266715,2024-02-29 11:00:34+00:00
B,62674.92,0.00017,109208223,2024-02-29 11:00:34+00:00
B,62675.31,0.15,109187415,2024-02-29 11:00:34+00:00
B,62676.71,0.09031,109269177,2024-02-29 11:00:34+00:00
B,62676.72,0.00016,109245943,2024-02-29 11:00:34+00:00
B,62677.32,0.0002,109206483,2024-02-29 11:00:34+00:00
B,62677.33,0.15,109266713,2024-02-29 11:00:34+00:00
B,62677.88,0.13254,109269175,2024-02-29 11:00:34+00:00
B,62678.03,0.32697,109269173,2024-02-29 11:00:34+00:00
S,62678.04,4.30035,100617434,2024-02-29 11:00:35+00:00
S,62678.96,0.18489,100615220,2024-02-29 11:00:35+00:00
S,62679.1,0.00016,100614644,2024-02-29 11:00:35+00:00
S,62679.77,0.1099,100617904,2024-02-29 11:00:35+00:00
S,62679.78,0.08849,100609706,2024-02-29 11:00:35+00:00
S,62679.98,0.00013,100617436,2024-02-29 11:00:35+00:00
S,62680.03,0.224,100609712,2024-02-29 11:00:35+00:00
S,62680.2,0.00016,100614646,2024-02-29 11:00:35+00:00
S,62680.6,0.15,100609720,2024-02-29 11:00:35+00:00
S,62680.72,0.01222,100608004,2024-02-29 11:00:35+00:00
B,62673.21,0.05805,109203859,2024-02-29 11:00:35+00:00
B,62673.32,0.15,109186509,2024-02-29 11:00:35+00:00
B,62673.52,0.00012,109275319,2024-02-29 11:00:35+00:00
B,62674.02,0.00016,109272015,2024-02-29 11:00:35+00:00
B,62674.92,0.00017,109208223,2024-02-29 11:00:35+00:00
B,62675.8,0.00016,109272013,2024-02-29 11:00:35+00:00
B,62676.09,0.00012,109275317,2024-02-29 11:00:35+00:00
B,62677.32,0.0002,109206483,2024-02-29 11:00:35+00:00
B,62677.64,0.08136,109275929,2024-02-29 11:00:35+00:00
B,62678.03,0.9274,109275927,2024-02-29 11:00:35+00:00
S,62678.04,3.71408,100617434,2024-02-29 11:00:36+00:00
S,62678.96,0.18489,100615220,2024-02-29 11:00:36+00:00
S,62679.1,0.00016,100614644,2024-02-29 11:00:36+00:00
S,62679.77,0.1099,100617904,2024-02-29 11:00:36+00:00
S,62679.78,0.08849,100609706,2024-02-29 11:00:36+00:00
S,62679.98,0.00013,100617436,2024-02-29 11:00:36+00:00
S,62680.03,0.224,100609712,2024-02-29 11:00:36+00:00
S,62680.2,0.00016,100614646,2024-02-29 11:00:36+00:00
S,62680.6,0.15,100609720,2024-02-29 11:00:36+00:00
S,62680.72,0.01222,100608004,2024-02-29 11:00:36+00:00
B,62673.52,0.00012,109275319,2024-02-29 11:00:36+00:00
B,62674.02,0.00016,109272015,2024-02-29 11:00:36+00:00
B,62674.92,0.00017,109208223,2024-02-29 11:00:36+00:00
B,62675.09,0.15952,109281875,2024-02-29 11:00:36+00:00
B,62675.13,0.31905,109280431,2024-02-29 11:00:36+00:00
B,62675.8,0.00016,109272013,2024-02-29 11:00:36+00:00
B,62676.09,0.00012,109275317,2024-02-29 11:00:36+00:00
B,62677.32,0.0002,109206483,2024-02-29 11:00:36+00:00
B,62677.64,0.08136,109275929,2024-02-29 11:00:36+00:00
B,62678.03,1.28412,109280427,2024-02-29 11:00:36+00:00
S,62678.04,1.79419,100629838,2024-02-29 11:00:37+00:00
S,62679.1,0.00016,100614644,2024-02-29 11:00:37+00:00
S,62679.77,0.01987,100617904,2024-02-29 11:00:37+00:00
S,62679.78,0.08849,100609706,2024-02-29 11:00:37+00:00
S,62679.98,0.00013,100617436,2024-02-29 11:00:37+00:00
S,62680.03,0.224,100609712,2024-02-29 11:00:37+00:00
S,62680.2,0.00016,100614646,2024-02-29 11:00:37+00:00
S,62680.35,0.31902,100628308,2024-02-29 11:00:37+00:00
S,62680.6,0.15,100609720,2024-02-29 11:00:37+00:00
S,62680.72,0.01222,100608004,2024-02-29 11:00:37+00:00
B,62673.52,0.00012,109275319,2024-02-29 11:00:37+00:00
B,62673.9,0.31905,109289087,2024-02-29 11:00:37+00:00
B,62674.02,0.00016,109272015,2024-02-29 11:00:37+00:00
B,62674.92,0.00017,109208223,2024-02-29 11:00:37+00:00
B,62675.8,0.00016,109272013,2024-02-29 11:00:37+00:00
B,62676.09,0.00012,109275317,2024-02-29 11:00:37+00:00
B,62677.16,0.31904,109286567,2024-02-29 11:00:37+00:00
B,62677.32,0.0002,109206483,2024-02-29 11:00:37+00:00
B,62677.64,0.08136,109275929,2024-02-29 11:00:37+00:00
B,62678.03,2.22218,109289085,2024-02-29 11:00:37+00:00
S,62680.03,1.98436,100635058,2024-02-29 11:00:38+00:00
S,62680.14,0.00966,100630922,2024-02-29 11:00:38+00:00
S,62680.16,0.15951,100632026,2024-02-29 11:00:38+00:00
S,62680.2,0.00016,100614646,2024-02-29 11:00:38+00:00
S,62680.35,0.31902,100628308,2024-02-29 11:00:38+00:00
S,62680.6,0.15,100609720,2024-02-29 11:00:38+00:00
S,62680.72,0.01222,100608004,2024-02-29 11:00:38+00:00
S,62681.11,0.43536,100611230,2024-02-29 11:00:38+00:00
S,62681.44,0.7256,100608012,2024-02-29 11:00:38+00:00
S,62681.59,0.13,100608014,2024-02-29 11:00:38+00:00
B,62676.95,0.31904,109296383,2024-02-29 11:00:38+00:00
B,62677.32,0.0002,109206483,2024-02-29 11:00:38+00:00
B,62677.87,0.15951,109296381,2024-02-29 11:00:38+00:00
B,62678.03,0.3599,109289085,2024-02-29 11:00:38+00:00
B,62678.04,0.01987,109291475,2024-02-29 11:00:38+00:00
B,62678.15,0.15,109291473,2024-02-29 11:00:38+00:00
B,62678.17,0.0004,109295281,2024-02-29 11:00:38+00:00
B,62678.66,0.00872,109291471,2024-02-29 11:00:38+00:00
B,62678.96,0.01975,109294583,2024-02-29 11:00:38+00:00
B,62680.02,4.39587,109297549,2024-02-29 11:00:38+00:00
S,62680.03,2.03218,100645324,2024-02-29 11:00:39+00:00
S,62680.14,0.00966,100630922,2024-02-29 11:00:39+00:00
S,62680.2,0.00016,100614646,2024-02-29 11:00:39+00:00
S,62680.35,0.31902,100628308,2024-02-29 11:00:39+00:00
S,62680.6,0.15,100609720,2024-02-29 11:00:39+00:00
S,62680.72,0.01222,100608004,2024-02-29 11:00:39+00:00
S,62681.59,0.13,100608014,2024-02-29 11:00:39+00:00
S,62681.97,0.00012,100634478,2024-02-29 11:00:39+00:00
S,62682.31,0.13,100608020,2024-02-29 11:00:39+00:00
S,62682.39,0.00016,100614648,2024-02-29 11:00:39+00:00
B,62676.09,0.00012,109275317,2024-02-29 11:00:39+00:00
B,62677.32,0.0002,109206483,2024-02-29 11:00:39+00:00
B,62678.03,0.00013,109289085,2024-02-29 11:00:39+00:00
B,62678.04,0.01987,109291475,2024-02-29 11:00:39+00:00
B,62678.17,0.0004,109295281,2024-02-29 11:00:39+00:00
B,62678.66,0.00075,109291471,2024-02-29 11:00:39+00:00
B,62678.87,0.31903,109305761,2024-02-29 11:00:39+00:00
B,62678.96,0.01975,109294583,2024-02-29 11:00:39+00:00
B,62679.78,0.15951,109307259,2024-02-29 11:00:39+00:00
B,62680.02,2.15264,109307257,2024-02-29 11:00:39+00:00
S,62680.03,2.09908,100650718,2024-02-29 11:00:40+00:00
S,62680.14,0.00966,100630922,2024-02-29 11:00:40+00:00
S,62680.35,0.31902,100628308,2024-02-29 11:00:40+00:00
S,62680.6,0.15,100609720,2024-02-29 11:00:40+00:00
S,62680.72,0.01222,100608004,2024-02-29 11:00:40+00:00
S,62681.54,0.00016,100647154,2024-02-29 11:00:40+00:00
S,62681.59,0.13,100608014,2024-02-29 11:00:40+00:00
S,62681.97,0.00012,100634478,2024-02-29 11:00:40+00:00
S,62682.31,0.13,100608020,2024-02-29 11:00:40+00:00
S,62682.55,0.00011,100617438,2024-02-29 11:00:40+00:00
B,62677.32,0.0002,109206483,2024-02-29 11:00:40+00:00
B,62678.03,0.00013,109289085,2024-02-29 11:00:40+00:00
B,62678.04,0.01987,109291475,2024-02-29 11:00:40+00:00
B,62678.17,0.0004,109295281,2024-02-29 11:00:40+00:00
B,62678.27,0.00016,109309565,2024-02-29 11:00:40+00:00
B,62678.66,0.00075,109291471,2024-02-29 11:00:40+00:00
B,62678.87,0.31903,109305761,2024-02-29 11:00:40+00:00
B,62678.96,0.01975,109294583,2024-02-29 11:00:40+00:00
B,62679.78,0.15951,109307259,2024-02-29 11:00:40+00:00
B,62680.02,2.15496,109312185,2024-02-29 11:00:40+00:00
S,62680.03,3.24155,100657992,2024-02-29 11:00:41+00:00
S,62680.14,0.00966,100630922,2024-02-29 11:00:41+00:00
S,62680.34,0.07804,100653462,2024-02-29 11:00:41+00:00
S,62680.35,0.31902,100628308,2024-02-29 11:00:41+00:00
S,62680.6,0.15,100609720,2024-02-29 11:00:41+00:00
S,62680.72,0.01222,100608004,2024-02-29 11:00:41+00:00
S,62681.54,0.00016,100647154,2024-02-29 11:00:41+00:00
S,62681.59,0.13,100608014,2024-02-29 11:00:41+00:00
S,62681.97,0.00012,100634478,2024-02-29 11:00:41+00:00
S,62682.31,0.13,100608020,2024-02-29 11:00:41+00:00
B,62676.09,0.00012,109275317,2024-02-29 11:00:41+00:00
B,62676.5,0.00016,109309567,2024-02-29 11:00:41+00:00
B,62677.32,0.0002,109206483,2024-02-29 11:00:41+00:00
B,62678.03,0.00013,109289085,2024-02-29 11:00:41+00:00
B,62678.04,0.01987,109291475,2024-02-29 11:00:41+00:00
B,62678.17,0.0004,109295281,2024-02-29 11:00:41+00:00
B,62678.27,0.00016,109309565,2024-02-29 11:00:41+00:00
B,62678.96,0.01975,109294583,2024-02-29 11:00:41+00:00
B,62678.99,0.14215,109321167,2024-02-29 11:00:41+00:00
B,62680.02,1.01244,109318327,2024-02-29 11:00:41+00:00
S,62680.03,2.97597,100657992,2024-02-29 11:00:42+00:00
S,62680.14,0.00966,100630922,2024-02-29 11:00:42+00:00
S,62680.25,0.34538,100662060,2024-02-29 11:00:42+00:00
S,62680.34,0.07804,100653462,2024-02-29 11:00:42+00:00
S,62680.35,0.31902,100628308,2024-02-29 11:00:42+00:00
S,62680.6,0.15,100609720,2024-02-29 11:00:42+00:00
S,62680.72,0.01222,100608004,2024-02-29 11:00:42+00:00
S,62681.54,0.00016,100647154,2024-02-29 11:00:42+00:00
S,62681.59,0.13,100608014,2024-02-29 11:00:42+00:00
S,62681.97,0.00012,100634478,2024-02-29 11:00:42+00:00
B,62676.92,0.15952,109324635,2024-02-29 11:00:42+00:00
B,62677.32,0.0002,109206483,2024-02-29 11:00:42+00:00
B,62678.03,0.00275,109327077,2024-02-29 11:00:42+00:00
B,62678.04,0.01987,109291475,2024-02-29 11:00:42+00:00
B,62678.17,0.0004,109295281,2024-02-29 11:00:42+00:00
B,62678.27,0.00016,109309565,2024-02-29 11:00:42+00:00
B,62678.96,0.01975,109294583,2024-02-29 11:00:42+00:00
B,62678.99,0.14215,109321167,2024-02-29 11:00:42+00:00
B,62679.72,0.10086,109324023,2024-02-29 11:00:42+00:00
B,62680.02,0.60451,109327075,2024-02-29 11:00:42+00:00
S,62680.03,3.51292,100670604,2024-02-29 11:00:43+00:00
S,62680.14,0.00966,100630922,2024-02-29 11:00:43+00:00
S,62680.25,0.34538,100662060,2024-02-29 11:00:43+00:00
S,62680.34,0.07804,100653462,2024-02-29 11:00:43+00:00
S,62680.35,0.31902,100628308,2024-02-29 11:00:43+00:00
S,62680.6,0.15,100609720,2024-02-29 11:00:43+00:00
S,62680.72,0.01222,100608004,2024-02-29 11:00:43+00:00
S,62681.54,0.00016,100647154,2024-02-29 11:00:43+00:00
S,62681.59,0.13,100608014,2024-02-29 11:00:43+00:00
S,62681.97,0.00012,100634478,2024-02-29 11:00:43+00:00
B,62676.5,0.00016,109309567,2024-02-29 11:00:43+00:00
B,62676.62,0.15952,109333499,2024-02-29 11:00:43+00:00
B,62677.32,0.0002,109206483,2024-02-29 11:00:43+00:00
B,62678.03,0.00275,109327077,2024-02-29 11:00:43+00:00
B,62678.04,0.01987,109291475,2024-02-29 11:00:43+00:00
B,62678.05,0.09056,109333497,2024-02-29 11:00:43+00:00
B,62678.17,0.0004,109295281,2024-02-29 11:00:43+00:00
B,62678.27,0.00016,109309565,2024-02-29 11:00:43+00:00
B,62678.96,0.01975,109294583,2024-02-29 11:00:43+00:00
B,62680.02,0.40276,109335859,2024-02-29 11:00:43+00:00
S,62676.51,3.62208,100680162,2024-02-29 11:00:44+00:00
S,62676.65,0.31904,100680164,2024-02-29 11:00:44+00:00
S,62676.76,0.094,100680166,2024-02-29 11:00:44+00:00
S,62676.77,0.00012,100680168,2024-02-29 11:00:44+00:00
S,62677.02,1.63297,100680170,2024-02-29 11:00:44+00:00
S,62677.03,0.13,100680172,2024-02-29 11:00:44+00:00
S,62677.71,0.03211,100680174,2024-02-29 11:00:44+00:00
S,62677.93,0.15,100680176,2024-02-29 11:00:44+00:00
S,62678.04,1.08111,100680178,2024-02-29 11:00:44+00:00
S,62678.05,0.22923,100679400,2024-02-29 11:00:44+00:00
B,62672.97,0.00016,109309569,2024-02-29 11:00:44+00:00
B,62673.2,0.19981,109184921,2024-02-29 11:00:44+00:00
B,62673.21,0.07821,109307261,2024-02-29 11:00:44+00:00
B,62673.32,0.15,109186509,2024-02-29 11:00:44+00:00
B,62673.52,0.00012,109275319,2024-02-29 11:00:44+00:00
B,62673.69,0.34538,109344951,2024-02-29 11:00:44+00:00
B,62674.92,0.00017,109208223,2024-02-29 11:00:44+00:00
B,62676.09,0.00012,109275317,2024-02-29 11:00:44+00:00
B,62676.43,0.0002,109344949,2024-02-29 11:00:44+00:00
B,62676.5,0.2697,109344947,2024-02-29 11:00:44+00:00
S,62676.51,2.4155,100684458,2024-02-29 11:00:45+00:00
S,62676.64,0.02159,100682050,2024-02-29 11:00:45+00:00
S,62676.76,0.0944,100685224,2024-02-29 11:00:45+00:00
S,62676.77,0.00012,100680168,2024-02-29 11:00:45+00:00
S,62677.71,0.03211,100680174,2024-02-29 11:00:45+00:00
S,62677.93,0.15,100680176,2024-02-29 11:00:45+00:00
S,62678.04,0.00379,100680178,2024-02-29 11:00:45+00:00
S,62678.05,0.22674,100679400,2024-02-29 11:00:45+00:00
S,62678.28,0.13,100679408,2024-02-29 11:00:45+00:00
S,62679.6,0.17524,100684460,2024-02-29 11:00:45+00:00
B,62672.9,0.02152,109187419,2024-02-29 11:00:45+00:00
B,62672.97,0.00016,109309569,2024-02-29 11:00:45+00:00
B,62673.2,0.19981,109184921,2024-02-29 11:00:45+00:00
B,62673.21,0.08778,109352507,2024-02-29 11:00:45+00:00
B,62673.32,0.15,109186509,2024-02-29 11:00:45+00:00
B,62673.52,0.00012,109275319,2024-02-29 11:00:45+00:00
B,62674.79,0.31905,109350239,2024-02-29 11:00:45+00:00
B,62674.88,0.15952,109350237,2024-02-29 11:00:45+00:00
B,62676.09,0.00012,109275317,2024-02-29 11:00:45+00:00
B,62676.5,2.3652,109351127,2024-02-29 11:00:45+00:00
S,62676.51,2.5666,100687384,2024-02-29 11:00:46+00:00
S,62676.52,0.22018,100691026,2024-02-29 11:00:46+00:00
S,62676.64,0.02159,100682050,2024-02-29 11:00:46+00:00
S,62676.76,0.094,100685224,2024-02-29 11:00:46+00:00
S,62676.77,0.00012,100680168,2024-02-29 11:00:46+00:00
S,62677.71,0.03211,100680174,2024-02-29 11:00:46+00:00
S,62677.93,0.15,100680176,2024-02-29 11:00:46+00:00
S,62678.0,0.00016,100689192,2024-02-29 11:00:46+00:00
S,62678.04,0.00379,100680178,2024-02-29 11:00:46+00:00
S,62678.05,0.22674,100679400,2024-02-29 11:00:46+00:00
B,62673.2,0.19981,109184921,2024-02-29 11:00:46+00:00
B,62673.21,0.08778,109352507,2024-02-29 11:00:46+00:00
B,62673.32,0.15,109186509,2024-02-29 11:00:46+00:00
B,62673.33,0.27556,109359555,2024-02-29 11:00:46+00:00
B,62673.52,0.00012,109275319,2024-02-29 11:00:46+00:00
B,62674.04,0.0938,109362495,2024-02-29 11:00:46+00:00
B,62674.7,0.00016,109356181,2024-02-29 11:00:46+00:00
B,62676.09,0.00012,109275317,2024-02-29 11:00:46+00:00
B,62676.46,0.31904,109356179,2024-02-29 11:00:46+00:00
B,62676.5,2.52249,109362493,2024-02-29 11:00:46+00:00
S,62676.51,1.74623,100699194,2024-02-29 11:00:47+00:00
S,62676.52,0.22018,100691026,2024-02-29 11:00:47+00:00
S,62676.64,0.02159,100682050,2024-02-29 11:00:47+00:00
S,62676.76,0.094,100685224,2024-02-29 11:00:47+00:00
S,62676.77,0.00012,100680168,2024-02-29 11:00:47+00:00
S,62677.71,0.03211,100680174,2024-02-29 11:00:47+00:00
S,62677.93,0.15,100680176,2024-02-29 11:00:47+00:00
S,62678.0,0.00016,100689192,2024-02-29 11:00:47+00:00
S,62678.28,0.13,100679408,2024-02-29 11:00:47+00:00
S,62679.1,0.00016,100689194,2024-02-29 11:00:47+00:00
B,62673.21,0.08778,109352507,2024-02-29 11:00:47+00:00
B,62673.32,0.15,109186509,2024-02-29 11:00:47+00:00
B,62673.33,0.27556,109359555,2024-02-29 11:00:47+00:00
B,62673.52,0.00012,109275319,2024-02-29 11:00:47+00:00
B,62674.7,0.00016,109356181,2024-02-29 11:00:47+00:00
B,62675.85,0.0938,109366925,2024-02-29 11:00:47+00:00
B,62676.09,0.00012,109275317,2024-02-29 11:00:47+00:00
B,62676.41,0.15952,109364861,2024-02-29 11:00:47+00:00
B,62676.46,0.31904,109356179,2024-02-29 11:00:47+00:00
B,62676.5,2.40285,109368691,2024-02-29 11:00:47+00:00
S,62676.51,1.95576,100704256,2024-02-29 11:00:48+00:00
S,62676.52,0.22018,100691026,2024-02-29 11:00:48+00:00
S,62676.77,0.00012,100680168,2024-02-29 11:00:48+00:00
S,62676.79,0.0944,100704258,2024-02-29 11:00:48+00:00
S,62677.71,0.03211,100680174,2024-02-29 11:00:48+00:00
S,62677.93,0.15,100680176,2024-02-29 11:00:48+00:00
S,62678.0,0.00016,100689192,2024-02-29 11:00:48+00:00
S,62678.28,0.13,100679408,2024-02-29 11:00:48+00:00
S,62679.1,0.00016,100689194,2024-02-29 11:00:48+00:00
S,62679.6,0.44611,100698308,2024-02-29 11:00:48+00:00
B,62673.21,0.08778,109352507,2024-02-29 11:00:48+00:00
B,62673.32,0.15,109186509,2024-02-29 11:00:48+00:00
B,62673.33,0.27556,109359555,2024-02-29 11:00:48+00:00
B,62673.52,0.00012,109275319,2024-02-29 11:00:48+00:00
B,62674.7,0.00016,109356181,2024-02-29 11:00:48+00:00
B,62675.85,0.0938,109366925,2024-02-29 11:00:48+00:00
B,62676.09,0.00012,109275317,2024-02-29 11:00:48+00:00
B,62676.41,0.15952,109364861,2024-02-29 11:00:48+00:00
B,62676.46,0.31904,109356179,2024-02-29 11:00:48+00:00
B,62676.5,2.4538,109374061,2024-02-29 11:00:48+00:00
S,62676.51,3.28454,100708484,2024-02-29 11:00:49+00:00
S,62676.52,0.22018,100691026,2024-02-29 11:00:49+00:00
S,62676.77,0.00012,100680168,2024-02-29 11:00:49+00:00
S,62676.79,0.0944,100704258,2024-02-29 11:00:49+00:00
S,62677.71,0.03211,100680174,2024-02-29 11:00:49+00:00
S,62677.93,0.15,100680176,2024-02-29 11:00:49+00:00
S,62678.0,0.00016,100689192,2024-02-29 11:00:49+00:00
S,62678.03,0.02393,100706098,2024-02-29 11:00:49+00:00
S,62678.28,0.13,100679408,2024-02-29 11:00:49+00:00
S,62679.1,0.00016,100689194,2024-02-29 11:00:49+00:00
B,62673.21,0.08778,109352507,2024-02-29 11:00:49+00:00
B,62673.32,0.15,109186509,2024-02-29 11:00:49+00:00
B,62673.33,0.27556,109359555,2024-02-29 11:00:49+00:00
B,62673.52,0.00012,109275319,2024-02-29 11:00:49+00:00
B,62674.15,0.31905,109378411,2024-02-29 11:00:49+00:00
B,62674.16,0.15952,109379297,2024-02-29 11:00:49+00:00
B,62674.6,0.04,109380203,2024-02-29 11:00:49+00:00
B,62674.7,0.00016,109356181,2024-02-29 11:00:49+00:00
B,62676.09,0.00012,109275317,2024-02-29 11:00:49+00:00
B,62676.5,2.05611,109377343,2024-02-29 11:00:49+00:00
S,62676.51,3.43799,100716108,2024-02-29 11:00:50+00:00
S,62676.52,0.24282,100712918,2024-02-29 11:00:50+00:00
S,62676.77,0.00012,100680168,2024-02-29 11:00:50+00:00
S,62676.79,0.0944,100704258,2024-02-29 11:00:50+00:00
S,62677.7,0.01,100713984,2024-02-29 11:00:50+00:00
S,62677.71,0.03211,100680174,2024-02-29 11:00:50+00:00
S,62677.93,0.15,100680176,2024-02-29 11:00:50+00:00
S,62678.0,0.00016,100689192,2024-02-29 11:00:50+00:00
S,62678.03,0.02393,100706098,2024-02-29 11:00:50+00:00
S,62678.28,0.13,100679408,2024-02-29 11:00:50+00:00
B,62673.21,0.08778,109352507,2024-02-29 11:00:50+00:00
B,62673.32,0.15,109186509,2024-02-29 11:00:50+00:00
B,62673.33,0.27556,109359555,2024-02-29 11:00:50+00:00
B,62673.52,0.00012,109275319,2024-02-29 11:00:50+00:00
B,62674.15,0.31905,109378411,2024-02-29 11:00:50+00:00
B,62674.6,0.04,109380203,2024-02-29 11:00:50+00:00
B,62674.7,0.00016,109356181,2024-02-29 11:00:50+00:00
B,62676.0,0.15952,109385115,2024-02-29 11:00:50+00:00
B,62676.09,0.00012,109275317,2024-02-29 11:00:50+00:00
B,62676.5,1.83218,109377343,2024-02-29 11:00:50+00:00
S,62676.51,2.96201,100718590,2024-02-29 11:00:51+00:00
S,62676.52,0.25632,100717030,2024-02-29 11:00:51+00:00
S,62676.77,0.00012,100680168,2024-02-29 11:00:51+00:00
S,62676.79,0.0944,100704258,2024-02-29 11:00:51+00:00
S,62677.69,0.01436,100716618,2024-02-29 11:00:51+00:00
S,62677.7,0.01,100713984,2024-02-29 11:00:51+00:00
S,62677.71,0.03211,100680174,2024-02-29 11:00:51+00:00
S,62677.93,0.15,100680176,2024-02-29 11:00:51+00:00
S,62678.0,0.00016,100689192,2024-02-29 11:00:51+00:00
S,62678.03,0.02393,100706098,2024-02-29 11:00:51+00:00
B,62673.32,0.15,109186509,2024-02-29 11:00:51+00:00
B,62673.33,0.27556,109359555,2024-02-29 11:00:51+00:00
B,62673.52,0.00012,109275319,2024-02-29 11:00:51+00:00
B,62674.15,0.31905,109378411,2024-02-29 11:00:51+00:00
B,62674.6,0.04,109380203,2024-02-29 11:00:51+00:00
B,62674.7,0.00016,109356181,2024-02-29 11:00:51+00:00
B,62674.93,0.15952,109392545,2024-02-29 11:00:51+00:00
B,62675.44,0.05137,109389903,2024-02-29 11:00:51+00:00
B,62676.09,0.00012,109275317,2024-02-29 11:00:51+00:00
B,62676.5,1.80312,109390489,2024-02-29 11:00:51+00:00
S,62676.51,3.50387,100725842,2024-02-29 11:00:52+00:00
S,62676.52,0.25632,100717030,2024-02-29 11:00:52+00:00
S,62676.77,0.00012,100680168,2024-02-29 11:00:52+00:00
S,62676.79,0.0944,100704258,2024-02-29 11:00:52+00:00
S,62677.7,0.01491,100723200,2024-02-29 11:00:52+00:00
S,62677.71,0.03211,100680174,2024-02-29 11:00:52+00:00
S,62677.93,0.15,100680176,2024-02-29 11:00:52+00:00
S,62678.03,0.02393,100706098,2024-02-29 11:00:52+00:00
S,62678.27,0.00016,100722732,2024-02-29 11:00:52+00:00
S,62678.28,0.13,100679408,2024-02-29 11:00:52+00:00
B,62673.33,0.27556,109359555,2024-02-29 11:00:52+00:00
B,62673.52,0.00012,109275319,2024-02-29 11:00:52+00:00
B,62674.08,0.14992,109394741,2024-02-29 11:00:52+00:00
B,62674.15,0.31905,109378411,2024-02-29 11:00:52+00:00
B,62674.6,0.04,109380203,2024-02-29 11:00:52+00:00
B,62674.68,0.15952,109397591,2024-02-29 11:00:52+00:00
B,62675.0,0.00016,109394139,2024-02-29 11:00:52+00:00
B,62675.44,0.05137,109389903,2024-02-29 11:00:52+00:00
B,62676.09,0.00012,109275317,2024-02-29 11:00:52+00:00
B,62676.5,1.64253,109397589,2024-02-29 11:00:52+00:00
S,62676.51,3.71199,100730190,2024-02-29 11:00:53+00:00
S,62676.52,0.25632,100717030,2024-02-29 11:00:53+00:00
S,62676.77,0.00012,100680168,2024-02-29 11:00:53+00:00
S,62676.79,0.094,100704258,2024-02-29 11:00:53+00:00
S,62677.71,0.03211,100680174,2024-02-29 11:00:53+00:00
S,62677.93,0.15,100680176,2024-02-29 11:00:53+00:00
S,62678.03,0.02393,100706098,2024-02-29 11:00:53+00:00
S,62678.27,0.00016,100722732,2024-02-29 11:00:53+00:00
S,62678.28,0.13,100679408,2024-02-29 11:00:53+00:00
S,62678.59,0.31903,100720900,2024-02-29 11:00:53+00:00
B,62673.33,0.27556,109359555,2024-02-29 11:00:53+00:00
B,62673.52,0.00012,109275319,2024-02-29 11:00:53+00:00
B,62674.15,0.31905,109378411,2024-02-29 11:00:53+00:00
B,62674.47,0.15952,109402275,2024-02-29 11:00:53+00:00
B,62674.6,0.04,109380203,2024-02-29 11:00:53+00:00
B,62675.0,0.00016,109394139,2024-02-29 11:00:53+00:00
B,62675.15,0.1598,109401657,2024-02-29 11:00:53+00:00
B,62675.44,0.05137,109389903,2024-02-29 11:00:53+00:00
B,62676.09,0.00012,109275317,2024-02-29 11:00:53+00:00
B,62676.5,1.67107,109402273,2024-02-29 11:00:53+00:00
S,62676.51,4.66029,100736802,2024-02-29 11:00:54+00:00
S,62676.52,0.25632,100717030,2024-02-29 11:00:54+00:00
S,62676.77,0.00012,100680168,2024-02-29 11:00:54+00:00
S,62676.79,0.094,100704258,2024-02-29 11:00:54+00:00
S,62677.71,0.03211,100680174,2024-02-29 11:00:54+00:00
S,62677.93,0.15,100680176,2024-02-29 11:00:54+00:00
S,62678.03,0.02393,100706098,2024-02-29 11:00:54+00:00
S,62678.27,0.00016,100722732,2024-02-29 11:00:54+00:00
S,62678.28,0.13,100679408,2024-02-29 11:00:54+00:00
S,62678.59,0.31903,100720900,2024-02-29 11:00:54+00:00
B,62673.2,0.19981,109184921,2024-02-29 11:00:54+00:00
B,62673.21,0.08778,109352507,2024-02-29 11:00:54+00:00
B,62673.23,0.00016,109394141,2024-02-29 11:00:54+00:00
B,62673.32,0.15,109186509,2024-02-29 11:00:54+00:00
B,62673.52,0.00012,109275319,2024-02-29 11:00:54+00:00
B,62674.6,0.04,109380203,2024-02-29 11:00:54+00:00
B,62675.0,0.00016,109394139,2024-02-29 11:00:54+00:00
B,62675.44,0.05137,109389903,2024-02-29 11:00:54+00:00
B,62676.09,0.00012,109275317,2024-02-29 11:00:54+00:00
B,62676.5,0.32248,109402273,2024-02-29 11:00:54+00:00
S,62673.53,3.84627,100742978,2024-02-29 11:00:55+00:00
S,62673.83,0.21028,100738332,2024-02-29 11:00:55+00:00
S,62674.22,0.0002,100738334,2024-02-29 11:00:55+00:00
S,62674.61,0.13,100738338,2024-02-29 11:00:55+00:00
S,62675.45,0.13,100738342,2024-02-29 11:00:55+00:00
S,62676.09,0.66642,100739848,2024-02-29 11:00:55+00:00
S,62676.1,0.59433,100738346,2024-02-29 11:00:55+00:00
S,62676.39,0.15,100738348,2024-02-29 11:00:55+00:00
S,62676.49,0.31904,100742980,2024-02-29 11:00:55+00:00
S,62676.51,1.34412,100739348,2024-02-29 11:00:55+00:00
B,62671.09,0.00702,108417609,2024-02-29 11:00:55+00:00
B,62671.1,0.06382,108405107,2024-02-29 11:00:55+00:00
B,62671.58,0.00012,109415667,2024-02-29 11:00:55+00:00
B,62671.77,0.38333,109271027,2024-02-29 11:00:55+00:00
B,62671.78,0.02115,109347063,2024-02-29 11:00:55+00:00
B,62672.9,0.02152,109187419,2024-02-29 11:00:55+00:00
B,62673.2,0.06981,109184921,2024-02-29 11:00:55+00:00
B,62673.21,0.08778,109352507,2024-02-29 11:00:55+00:00
B,62673.23,0.00016,109394141,2024-02-29 11:00:55+00:00
B,62673.52,0.41773,109416199,2024-02-29 11:00:55+00:00
S,62673.53,3.75448,100748758,2024-02-29 11:00:56+00:00
S,62673.83,0.21028,100738332,2024-02-29 11:00:56+00:00
S,62674.61,0.13,100738338,2024-02-29 11:00:56+00:00
S,62675.45,0.13,100738342,2024-02-29 11:00:56+00:00
S,62676.09,0.66642,100739848,2024-02-29 11:00:56+00:00
S,62676.1,0.4817,100738346,2024-02-29 11:00:56+00:00
S,62676.39,0.15,100738348,2024-02-29 11:00:56+00:00
S,62676.49,0.31904,100742980,2024-02-29 11:00:56+00:00
S,62676.51,1.34412,100739348,2024-02-29 11:00:56+00:00
S,62676.52,0.25632,100717030,2024-02-29 11:00:56+00:00
B,62671.1,0.06382,108405107,2024-02-29 11:00:56+00:00
B,62671.58,0.00012,109415667,2024-02-29 11:00:56+00:00
B,62671.77,0.38333,109271027,2024-02-29 11:00:56+00:00
B,62671.78,0.02115,109347063,2024-02-29 11:00:56+00:00
B,62672.9,0.02152,109187419,2024-02-29 11:00:56+00:00
B,62673.12,0.1355,109422893,2024-02-29 11:00:56+00:00
B,62673.2,0.06981,109184921,2024-02-29 11:00:56+00:00
B,62673.21,0.08778,109352507,2024-02-29 11:00:56+00:00
B,62673.23,0.00016,109394141,2024-02-29 11:00:56+00:00
B,62673.52,1.05907,109424837,2024-02-29 11:00:56+00:00
S,62673.53,3.69575,100752354,2024-02-29 11:00:57+00:00
S,62673.83,0.13,100738332,2024-02-29 11:00:57+00:00
S,62674.61,0.13,100738338,2024-02-29 11:00:57+00:00
S,62675.45,0.13,100738342,2024-02-29 11:00:57+00:00
S,62675.75,0.31904,100750410,2024-02-29 11:00:57+00:00
S,62676.1,0.4817,100738346,2024-02-29 11:00:57+00:00
S,62676.39,0.15,100738348,2024-02-29 11:00:57+00:00
S,62676.5,0.00408,100750412,2024-02-29 11:00:57+00:00
S,62676.51,1.34412,100739348,2024-02-29 11:00:57+00:00
S,62676.52,0.25632,100717030,2024-02-29 11:00:57+00:00
B,62671.1,0.06382,108405107,2024-02-29 11:00:57+00:00
B,62671.58,0.00012,109415667,2024-02-29 11:00:57+00:00
B,62671.77,0.38333,109271027,2024-02-29 11:00:57+00:00
B,62671.78,0.02115,109347063,2024-02-29 11:00:57+00:00
B,62671.96,0.10597,109431475,2024-02-29 11:00:57+00:00
B,62672.9,0.02152,109187419,2024-02-29 11:00:57+00:00
B,62673.2,0.06981,109184921,2024-02-29 11:00:57+00:00
B,62673.21,0.08778,109352507,2024-02-29 11:00:57+00:00
B,62673.23,0.00016,109428527,2024-02-29 11:00:57+00:00
B,62673.52,0.07509,109430295,2024-02-29 11:00:57+00:00
S,62662.92,2.77372,100765190,2024-02-29 11:00:58+00:00
S,62663.64,0.3191,100764268,2024-02-29 11:00:58+00:00
S,62664.07,0.82069,100761192,2024-02-29 11:00:58+00:00
S,62664.34,0.19991,100762978,2024-02-29 11:00:58+00:00
S,62664.41,0.09623,100761194,2024-02-29 11:00:58+00:00
S,62664.44,0.01165,100761196,2024-02-29 11:00:58+00:00
S,62664.86,0.00013,100762980,2024-02-29 11:00:58+00:00
S,62664.93,0.01595,100761198,2024-02-29 11:00:58+00:00
S,62665.74,0.19152,100765192,2024-02-29 11:00:58+00:00
S,62665.75,0.31909,100764270,2024-02-29 11:00:58+00:00
B,62660.7,0.00015,108436889,2024-02-29 11:00:58+00:00
B,62660.84,0.04,109400649,2024-02-29 11:00:58+00:00
B,62660.97,0.00012,109439165,2024-02-29 11:00:58+00:00
B,62661.1,0.06383,108374145,2024-02-29 11:00:58+00:00
B,62661.22,0.05,109302565,2024-02-29 11:00:58+00:00
B,62661.31,0.15984,109441579,2024-02-29 11:00:58+00:00
B,62662.02,0.08612,109440457,2024-02-29 11:00:58+00:00
B,62662.86,0.00801,109171839,2024-02-29 11:00:58+00:00
B,62662.9,0.15,109436333,2024-02-29 11:00:58+00:00
B,62662.91,0.65364,109440455,2024-02-29 11:00:58+00:00
S,62661.23,6.48766,100771662,2024-02-29 11:00:59+00:00
S,62662.86,0.0146,100770904,2024-02-29 11:00:59+00:00
S,62662.87,0.15,100770174,2024-02-29 11:00:59+00:00
S,62662.92,0.71025,100769332,2024-02-29 11:00:59+00:00
S,62663.63,0.02092,100770178,2024-02-29 11:00:59+00:00
S,62664.34,0.19991,100762978,2024-02-29 11:00:59+00:00
S,62664.41,0.01595,100761194,2024-02-29 11:00:59+00:00
S,62664.44,0.01165,100761196,2024-02-29 11:00:59+00:00
S,62664.86,0.00013,100762980,2024-02-29 11:00:59+00:00
S,62664.93,0.01595,100761198,2024-02-29 11:00:59+00:00
B,62658.35,0.14227,109449135,2024-02-29 11:00:59+00:00
B,62658.4,0.00012,109439167,2024-02-29 11:00:59+00:00
B,62659.0,0.00387,109271041,2024-02-29 11:00:59+00:00
B,62659.58,0.00764,109038969,2024-02-29 11:00:59+00:00
B,62660.0,0.0322,108789659,2024-02-29 11:00:59+00:00
B,62660.84,0.04,109400649,2024-02-29 11:00:59+00:00
B,62660.97,0.00012,109439165,2024-02-29 11:00:59+00:00
B,62661.01,0.08641,109449133,2024-02-29 11:00:59+00:00
B,62661.1,0.06383,108374145,2024-02-29 11:00:59+00:00
B,62661.22,0.30724,109449131,2024-02-29 11:00:59+00:00
S,62661.23,6.57017,100777312,2024-02-29 11:01:00+00:00
S,62662.86,0.0146,100770904,2024-02-29 11:01:00+00:00
S,62662.87,0.15,100770174,2024-02-29 11:01:00+00:00
S,62662.91,0.00316,100774366,2024-02-29 11:01:00+00:00
S,62662.92,0.71025,100769332,2024-02-29 11:01:00+00:00
S,62663.62,0.11998,100772782,2024-02-29 11:01:00+00:00
S,62663.63,0.02092,100770178,2024-02-29 11:01:00+00:00
S,62664.34,0.19991,100762978,2024-02-29 11:01:00+00:00
S,62664.41,0.01595,100761194,2024-02-29 11:01:00+00:00
S,62664.44,0.01165,100761196,2024-02-29 11:01:00+00:00
B,62657.49,0.01,109439169,2024-02-29 11:01:00+00:00
B,62658.4,0.00012,109439167,2024-02-29 11:01:00+00:00
B,62659.0,0.00387,109271041,2024-02-29 11:01:00+00:00
B,62659.58,0.00764,109038969,2024-02-29 11:01:00+00:00
B,62660.0,0.0322,108789659,2024-02-29 11:01:00+00:00
B,62660.84,0.04,109400649,2024-02-29 11:01:00+00:00
B,62660.97,0.00012,109439165,2024-02-29 11:01:00+00:00
B,62661.01,0.08641,109449133,2024-02-29 11:01:00+00:00
B,62661.1,0.06383,108374145,2024-02-29 11:01:00+00:00
B,62661.22,0.36458,109454823,2024-02-29 11:01:00+00:00
S,62656.66,5.7885,100785280,2024-02-29 11:01:01+00:00
S,62657.33,0.34538,100785282,2024-02-29 11:01:01+00:00
S,62657.5,0.21028,100785284,2024-02-29 11:01:01+00:00
S,62659.59,0.19503,100783708,2024-02-29 11:01:01+00:00
S,62659.72,0.15,100785286,2024-02-29 11:01:01+00:00
S,62660.04,0.08849,100785288,2024-02-29 11:01:01+00:00
S,62660.18,0.13,100783716,2024-02-29 11:01:01+00:00
S,62660.71,0.13,100783720,2024-02-29 11:01:01+00:00
S,62660.88,0.00933,100783730,2024-02-29 11:01:01+00:00
S,62661.23,0.23701,100780772,2024-02-29 11:01:01+00:00
B,62650.97,0.01,109463351,2024-02-29 11:01:01+00:00
B,62651.08,0.24645,109449139,2024-02-29 11:01:01+00:00
B,62651.1,0.06384,109446991,2024-02-29 11:01:01+00:00
B,62651.64,0.15601,109463349,2024-02-29 11:01:01+00:00
B,62652.39,0.01884,109456003,2024-02-29 11:01:01+00:00
B,62653.48,0.08849,108770179,2024-02-29 11:01:01+00:00
B,62654.23,0.00012,108770177,2024-02-29 11:01:01+00:00
B,62655.1,0.08932,109463347,2024-02-29 11:01:01+00:00
B,62655.13,0.38597,109461357,2024-02-29 11:01:01+00:00
B,62656.65,0.34258,109463345,2024-02-29 11:01:01+00:00
S,62656.66,3.76015,100796612,2024-02-29 11:01:02+00:00
S,62657.31,0.01572,100793024,2024-02-29 11:01:02+00:00
S,62657.32,0.048,100788258,2024-02-29 11:01:02+00:00
S,62657.33,0.34538,100785282,2024-02-29 11:01:02+00:00
S,62657.5,0.13,100785284,2024-02-29 11:01:02+00:00
S,62658.24,0.0938,100794518,2024-02-29 11:01:02+00:00
S,62659.58,0.09005,100793026,2024-02-29 11:01:02+00:00
S,62659.59,0.13379,100783708,2024-02-29 11:01:02+00:00
S,62659.72,0.15,100785286,2024-02-29 11:01:02+00:00
S,62660.04,0.08849,100785288,2024-02-29 11:01:02+00:00
B,62650.01,0.38885,109470281,2024-02-29 11:01:02+00:00
B,62650.1,0.00097,109248875,2024-02-29 11:01:02+00:00
B,62650.19,0.25529,109463355,2024-02-29 11:01:02+00:00
B,62650.38,0.0002,109440467,2024-02-29 11:01:02+00:00
B,62650.68,0.0012,109463353,2024-02-29 11:01:02+00:00
B,62651.1,0.06384,109446991,2024-02-29 11:01:02+00:00
B,62651.27,0.34538,109475325,2024-02-29 11:01:02+00:00
B,62653.51,0.09319,109472995,2024-02-29 11:01:02+00:00
B,62653.52,0.00199,109474235,2024-02-29 11:01:02+00:00
B,62656.65,0.04249,109469411,2024-02-29 11:01:02+00:00
S,62656.66,5.01018,100803210,2024-02-29 11:01:03+00:00
S,62657.28,0.01389,100801922,2024-02-29 11:01:03+00:00
S,62657.29,0.35461,100801292,2024-02-29 11:01:03+00:00
S,62657.32,0.048,100788258,2024-02-29 11:01:03+00:00
S,62657.5,0.13,100785284,2024-02-29 11:01:03+00:00
S,62658.24,0.0938,100794518,2024-02-29 11:01:03+00:00
S,62658.42,0.31913,100798562,2024-02-29 11:01:03+00:00
S,62659.59,0.13379,100783708,2024-02-29 11:01:03+00:00
S,62659.72,0.15,100785286,2024-02-29 11:01:03+00:00
S,62660.03,0.08406,100798564,2024-02-29 11:01:03+00:00
B,62650.01,0.38885,109470281,2024-02-29 11:01:03+00:00
B,62650.1,0.00097,109248875,2024-02-29 11:01:03+00:00
B,62650.19,0.25529,109463355,2024-02-29 11:01:03+00:00
B,62650.38,0.0002,109440467,2024-02-29 11:01:03+00:00
B,62650.68,0.0012,109463353,2024-02-29 11:01:03+00:00
B,62651.1,0.06384,109446991,2024-02-29 11:01:03+00:00
B,62651.27,0.34538,109475325,2024-02-29 11:01:03+00:00
B,62652.21,0.00199,109481789,2024-02-29 11:01:03+00:00
B,62652.97,0.09039,109483429,2024-02-29 11:01:03+00:00
B,62656.65,0.03481,109482553,2024-02-29 11:01:03+00:00
S,62651.11,6.46683,100810132,2024-02-29 11:01:04+00:00
S,62651.28,0.00016,100805210,2024-02-29 11:01:04+00:00
S,62651.39,0.0004,100805212,2024-02-29 11:01:04+00:00
S,62652.33,0.1777,100804222,2024-02-29 11:01:04+00:00
S,62652.51,0.00016,100805216,2024-02-29 11:01:04+00:00
S,62652.97,0.02114,100806242,2024-02-29 11:01:04+00:00
S,62652.98,0.42991,100804226,2024-02-29 11:01:04+00:00
S,62652.99,0.13,100805218,2024-02-29 11:01:04+00:00
S,62653.03,0.0938,100806980,2024-02-29 11:01:04+00:00
S,62653.09,0.094,100804230,2024-02-29 11:01:04+00:00
B,62645.59,0.00016,109484647,2024-02-29 11:01:04+00:00
B,62646.87,0.09955,108106085,2024-02-29 11:01:04+00:00
B,62646.97,0.00676,108560527,2024-02-29 11:01:04+00:00
B,62646.99,0.00017,109427433,2024-02-29 11:01:04+00:00
B,62647.59,0.00016,109484645,2024-02-29 11:01:04+00:00
B,62647.76,0.34538,109490537,2024-02-29 11:01:04+00:00
B,62648.23,0.00801,109463359,2024-02-29 11:01:04+00:00
B,62650.0,0.03878,109343473,2024-02-29 11:01:04+00:00
B,62650.1,0.00097,109484643,2024-02-29 11:01:04+00:00
B,62651.1,0.20726,109487727,2024-02-29 11:01:04+00:00
S,62631.2,2.54256,100822714,2024-02-29 11:01:05+00:00
S,62631.44,0.02091,100824468,2024-02-29 11:01:05+00:00
S,62631.45,0.15734,100817004,2024-02-29 11:01:05+00:00
S,62631.46,0.16342,100822716,2024-02-29 11:01:05+00:00
S,62631.66,0.13,100817010,2024-02-29 11:01:05+00:00
S,62632.66,0.15,100817012,2024-02-29 11:01:05+00:00
S,62632.77,0.63852,100821000,2024-02-29 11:01:05+00:00
S,62632.78,0.22869,100823688,2024-02-29 11:01:05+00:00
S,62632.95,0.13,100814352,2024-02-29 11:01:05+00:00
S,62633.73,0.08849,100817014,2024-02-29 11:01:05+00:00
B,62627.17,0.08849,109493363,2024-02-29 11:01:05+00:00
B,62627.65,0.00016,109484677,2024-02-29 11:01:05+00:00
B,62627.7,0.00014,107948397,2024-02-29 11:01:05+00:00
B,62627.78,0.03997,107981115,2024-02-29 11:01:05+00:00
B,62627.79,0.02425,109506709,2024-02-29 11:01:05+00:00
B,62628.57,0.00065,109411155,2024-02-29 11:01:05+00:00
B,62630.0,0.03472,108426145,2024-02-29 11:01:05+00:00
B,62630.99,0.15407,109505391,2024-02-29 11:01:05+00:00
B,62631.1,0.06386,109203867,2024-02-29 11:01:05+00:00
B,62631.19,1.02284,109505389,2024-02-29 11:01:05+00:00
S,62620.01,0.62112,100838182,2024-02-29 11:01:06+00:00
S,62620.61,0.33229,100838184,2024-02-29 11:01:06+00:00
S,62620.9,0.83238,100838186,2024-02-29 11:01:06+00:00
S,62621.04,0.33237,100838188,2024-02-29 11:01:06+00:00
S,62621.11,3.03254,100838190,2024-02-29 11:01:06+00:00
S,62621.16,0.1559,100835652,2024-02-29 11:01:06+00:00
S,62621.54,0.3105,100838192,2024-02-29 11:01:06+00:00
S,62621.55,0.1799,100833364,2024-02-29 11:01:06+00:00
S,62621.56,0.37953,100835654,2024-02-29 11:01:06+00:00
S,62622.07,0.04725,100831102,2024-02-29 11:01:06+00:00
B,62614.03,0.05459,109521391,2024-02-29 11:01:06+00:00
B,62614.8,0.00014,108768377,2024-02-29 11:01:06+00:00
B,62614.98,0.15079,109518823,2024-02-29 11:01:06+00:00
B,62615.0,0.01097,109510221,2024-02-29 11:01:06+00:00
B,62616.15,0.02,109521389,2024-02-29 11:01:06+00:00
B,62616.91,0.00018,107762591,2024-02-29 11:01:06+00:00
B,62617.55,0.00013,108770189,2024-02-29 11:01:06+00:00
B,62618.81,0.10956,109516221,2024-02-29 11:01:06+00:00
B,62618.92,0.00119,109452693,2024-02-29 11:01:06+00:00
B,62620.0,0.01114,108364955,2024-02-29 11:01:06+00:00
S,62615.01,2.23417,100861838,2024-02-29 11:01:07+00:00
S,62615.25,0.0938,100859544,2024-02-29 11:01:07+00:00
S,62616.08,0.03211,100850052,2024-02-29 11:01:07+00:00
S,62616.15,0.02091,100852338,2024-02-29 11:01:07+00:00
S,62616.36,0.13301,100847772,2024-02-29 11:01:07+00:00
S,62617.56,0.29596,100857254,2024-02-29 11:01:07+00:00
S,62618.81,0.31933,100850060,2024-02-29 11:01:07+00:00
S,62618.82,0.00575,100845508,2024-02-29 11:01:07+00:00
S,62619.07,0.13,100845512,2024-02-29 11:01:07+00:00
S,62619.89,0.15,100845516,2024-02-29 11:01:07+00:00
B,62610.0,0.0322,108364957,2024-02-29 11:01:07+00:00
B,62610.69,0.00016,107760395,2024-02-29 11:01:07+00:00
B,62611.1,0.06388,107762597,2024-02-29 11:01:07+00:00
B,62611.11,0.03836,109545023,2024-02-29 11:01:07+00:00
B,62612.55,0.00046,109498505,2024-02-29 11:01:07+00:00
B,62613.18,0.01,109542573,2024-02-29 11:01:07+00:00
B,62613.59,0.00236,109466315,2024-02-29 11:01:07+00:00
B,62614.41,0.08514,109531899,2024-02-29 11:01:07+00:00
B,62614.8,0.00014,108768377,2024-02-29 11:01:07+00:00
B,62615.0,1.47394,109540203,2024-02-29 11:01:07+00:00
S,62610.01,1.87642,100884218,2024-02-29 11:01:08+00:00
S,62610.13,0.1,100884220,2024-02-29 11:01:08+00:00
S,62610.14,0.33232,100884222,2024-02-29 11:01:08+00:00
S,62610.7,0.33231,100884224,2024-02-29 11:01:08+00:00
S,62611.11,3.33756,100884226,2024-02-29 11:01:08+00:00
S,62611.12,0.13,100879932,2024-02-29 11:01:08+00:00
S,62611.74,0.24046,100882104,2024-02-29 11:01:08+00:00
S,62612.58,0.13,100879938,2024-02-29 11:01:08+00:00
S,62613.19,0.13,100879940,2024-02-29 11:01:08+00:00
S,62613.59,0.07803,100882106,2024-02-29 11:01:08+00:00
B,62601.1,0.06389,107741567,2024-02-29 11:01:08+00:00
B,62601.11,0.0019,109569973,2024-02-29 11:01:08+00:00
B,62601.19,0.00064,106100195,2024-02-29 11:01:08+00:00
B,62601.59,0.03,109572921,2024-02-29 11:01:08+00:00
B,62601.95,0.00013,109510223,2024-02-29 11:01:08+00:00
B,62602.0,0.01558,109351855,2024-02-29 11:01:08+00:00
B,62604.99,0.00666,107768143,2024-02-29 11:01:08+00:00
B,62605.84,0.0003,108773735,2024-02-29 11:01:08+00:00
B,62606.32,0.00801,109557605,2024-02-29 11:01:08+00:00
B,62610.0,0.02885,108364957,2024-02-29 11:01:08+00:00
S,62609.75,0.94377,100899428,2024-02-29 11:01:09+00:00
S,62610.01,0.08028,100895652,2024-02-29 11:01:09+00:00
S,62610.14,0.13,100884222,2024-02-29 11:01:09+00:00
S,62611.1,0.048,100902126,2024-02-29 11:01:09+00:00
S,62611.11,0.02026,100891354,2024-02-29 11:01:09+00:00
S,62611.12,0.13,100879932,2024-02-29 11:01:09+00:00
S,62611.39,0.25547,100899430,2024-02-29 11:01:09+00:00
S,62612.58,0.13,100879938,2024-02-29 11:01:09+00:00
S,62613.19,0.13,100879940,2024-02-29 11:01:09+00:00
S,62613.97,0.13,100879944,2024-02-29 11:01:09+00:00
B,62604.99,0.79682,109584853,2024-02-29 11:01:09+00:00
B,62605.29,0.03,109586717,2024-02-29 11:01:09+00:00
B,62605.3,0.44333,109592537,2024-02-29 11:01:09+00:00
B,62605.83,0.13,109584851,2024-02-29 11:01:09+00:00
B,62607.42,0.13,109584843,2024-02-29 11:01:09+00:00
B,62607.44,0.08849,109586711,2024-02-29 11:01:09+00:00
B,62607.45,0.078,109589285,2024-02-29 11:01:09+00:00
B,62608.88,0.38539,109586709,2024-02-29 11:01:09+00:00
B,62609.0,0.15,109586707,2024-02-29 11:01:09+00:00
B,62609.74,5.33052,109592535,2024-02-29 11:01:09+00:00
S,62609.75,0.6969,100905214,2024-02-29 11:01:10+00:00
S,62610.01,0.08028,100895652,2024-02-29 11:01:10+00:00
S,62610.14,0.13,100884222,2024-02-29 11:01:10+00:00
S,62610.33,0.094,100905216,2024-02-29 11:01:10+00:00
S,62611.1,0.048,100902126,2024-02-29 11:01:10+00:00
S,62611.11,0.02026,100891354,2024-02-29 11:01:10+00:00
S,62611.12,0.13,100879932,2024-02-29 11:01:10+00:00
S,62611.32,0.00016,100905218,2024-02-29 11:01:10+00:00
S,62612.56,0.00016,100906634,2024-02-29 11:01:10+00:00
S,62612.58,0.13,100879938,2024-02-29 11:01:10+00:00
B,62604.99,0.79682,109584853,2024-02-29 11:01:10+00:00
B,62605.29,0.03,109586717,2024-02-29 11:01:10+00:00
B,62605.59,0.00016,109599483,2024-02-29 11:01:10+00:00
B,62605.83,0.13,109584851,2024-02-29 11:01:10+00:00
B,62607.42,0.13,109584843,2024-02-29 11:01:10+00:00
B,62607.6,0.00016,109598009,2024-02-29 11:01:10+00:00
B,62608.88,0.38539,109586709,2024-02-29 11:01:10+00:00
B,62609.0,0.15,109586707,2024-02-29 11:01:10+00:00
B,62609.01,0.32126,109600593,2024-02-29 11:01:10+00:00
B,62609.74,4.35127,109606571,2024-02-29 11:01:10+00:00
S,62609.75,0.94666,100921992,2024-02-29 11:01:11+00:00
S,62609.86,0.13147,100919202,2024-02-29 11:01:11+00:00
S,62610.01,0.08028,100895652,2024-02-29 11:01:11+00:00
S,62610.14,0.13,100884222,2024-02-29 11:01:11+00:00
S,62610.33,0.094,100905216,2024-02-29 11:01:11+00:00
S,62611.1,0.048,100902126,2024-02-29 11:01:11+00:00
S,62611.11,0.02026,100891354,2024-02-29 11:01:11+00:00
S,62611.12,0.13,100879932,2024-02-29 11:01:11+00:00
S,62611.32,0.00016,100905218,2024-02-29 11:01:11+00:00
S,62612.56,0.00016,100906634,2024-02-29 11:01:11+00:00
B,62604.99,0.79682,109584853,2024-02-29 11:01:11+00:00
B,62605.29,0.03,109586717,2024-02-29 11:01:11+00:00
B,62605.59,0.00016,109599483,2024-02-29 11:01:11+00:00
B,62605.83,0.13,109584851,2024-02-29 11:01:11+00:00
B,62607.42,0.13,109584843,2024-02-29 11:01:11+00:00
B,62607.6,0.00016,109598009,2024-02-29 11:01:11+00:00
B,62608.88,0.38539,109586709,2024-02-29 11:01:11+00:00
B,62609.0,0.15,109586707,2024-02-29 11:01:11+00:00
B,62609.01,0.32126,109600593,2024-02-29 11:01:11+00:00
B,62609.74,4.13564,109617651,2024-02-29 11:01:11+00:00
S,62609.75,1.10933,100935234,2024-02-29 11:01:12+00:00
S,62609.86,0.13147,100919202,2024-02-29 11:01:12+00:00
S,62610.01,0.08028,100895652,2024-02-29 11:01:12+00:00
S,62610.14,0.13,100884222,2024-02-29 11:01:12+00:00
S,62610.33,0.094,100905216,2024-02-29 11:01:12+00:00
S,62611.11,0.02026,100891354,2024-02-29 11:01:12+00:00
S,62611.12,0.13,100879932,2024-02-29 11:01:12+00:00
S,62611.32,0.00016,100905218,2024-02-29 11:01:12+00:00
S,62612.56,0.00016,100906634,2024-02-29 11:01:12+00:00
S,62612.58,0.13,100879938,2024-02-29 11:01:12+00:00
B,62605.29,0.03,109586717,2024-02-29 11:01:12+00:00
B,62605.3,0.47814,109629385,2024-02-29 11:01:12+00:00
B,62605.59,0.00016,109599483,2024-02-29 11:01:12+00:00
B,62605.83,0.13,109584851,2024-02-29 11:01:12+00:00
B,62607.42,0.13,109584843,2024-02-29 11:01:12+00:00
B,62607.43,0.07804,109629383,2024-02-29 11:01:12+00:00
B,62607.6,0.00016,109598009,2024-02-29 11:01:12+00:00
B,62608.88,0.38539,109586709,2024-02-29 11:01:12+00:00
B,62609.0,0.15,109586707,2024-02-29 11:01:12+00:00
B,62609.74,3.07842,109632565,2024-02-29 11:01:12+00:00
S,62609.75,0.49028,100935234,2024-02-29 11:01:13+00:00
S,62609.86,0.13147,100919202,2024-02-29 11:01:13+00:00
S,62610.01,0.08028,100895652,2024-02-29 11:01:13+00:00
S,62610.32,0.048,100938100,2024-02-29 11:01:13+00:00
S,62610.33,0.094,100905216,2024-02-29 11:01:13+00:00
S,62611.11,0.02026,100891354,2024-02-29 11:01:13+00:00
S,62611.12,0.13,100879932,2024-02-29 11:01:13+00:00
S,62611.32,0.00016,100905218,2024-02-29 11:01:13+00:00
S,62612.56,0.00016,100906634,2024-02-29 11:01:13+00:00
S,62612.58,0.13,100879938,2024-02-29 11:01:13+00:00
B,62605.83,0.13,109584851,2024-02-29 11:01:13+00:00
B,62605.92,0.1597,109647263,2024-02-29 11:01:13+00:00
B,62605.95,0.03,109646031,2024-02-29 11:01:13+00:00
B,62607.42,0.13,109584843,2024-02-29 11:01:13+00:00
B,62607.43,0.07808,109641931,2024-02-29 11:01:13+00:00
B,62607.44,0.08849,109646029,2024-02-29 11:01:13+00:00
B,62607.6,0.00016,109598009,2024-02-29 11:01:13+00:00
B,62608.88,0.38539,109586709,2024-02-29 11:01:13+00:00
B,62609.0,0.15,109586707,2024-02-29 11:01:13+00:00
B,62609.74,3.20593,109647261,2024-02-29 11:01:13+00:00
S,62609.75,1.52517,100954678,2024-02-29 11:01:14+00:00
S,62609.86,0.13147,100919202,2024-02-29 11:01:14+00:00
S,62610.01,0.08028,100895652,2024-02-29 11:01:14+00:00
S,62610.33,0.094,100905216,2024-02-29 11:01:14+00:00
S,62611.11,0.02026,100891354,2024-02-29 11:01:14+00:00
S,62611.12,0.13,100879932,2024-02-29 11:01:14+00:00
S,62611.32,0.00016,100905218,2024-02-29 11:01:14+00:00
S,62612.56,0.00016,100906634,2024-02-29 11:01:14+00:00
S,62612.58,0.13,100879938,2024-02-29 11:01:14+00:00
S,62613.19,0.13,100879940,2024-02-29 11:01:14+00:00
B,62605.59,0.00016,109599483,2024-02-29 11:01:14+00:00
B,62605.83,0.13,109584851,2024-02-29 11:01:14+00:00
B,62605.95,0.03,109646031,2024-02-29 11:01:14+00:00
B,62607.42,0.13,109584843,2024-02-29 11:01:14+00:00
B,62607.43,0.07808,109641931,2024-02-29 11:01:14+00:00
B,62607.44,0.08849,109646029,2024-02-29 11:01:14+00:00
B,62607.6,0.00016,109598009,2024-02-29 11:01:14+00:00
B,62608.88,0.38539,109586709,2024-02-29 11:01:14+00:00
B,62609.0,0.15,109586707,2024-02-29 11:01:14+00:00
B,62609.74,2.78094,109655057,2024-02-29 11:01:14+00:00
S,62610.01,0.5309,100960770,2024-02-29 11:01:15+00:00
S,62610.33,0.094,100905216,2024-02-29 11:01:15+00:00
S,62611.11,0.02026,100891354,2024-02-29 11:01:15+00:00
S,62611.32,0.00016,100905218,2024-02-29 11:01:15+00:00
S,62612.2,0.31937,100958850,2024-02-29 11:01:15+00:00
S,62612.56,0.00016,100906634,2024-02-29 11:01:15+00:00
S,62614.01,0.08849,100882108,2024-02-29 11:01:15+00:00
S,62614.2,0.0472,100879948,2024-02-29 11:01:15+00:00
S,62615.0,0.01493,100925628,2024-02-29 11:01:15+00:00
S,62615.01,0.82194,100879958,2024-02-29 11:01:15+00:00
B,62607.44,0.08849,109646029,2024-02-29 11:01:15+00:00
B,62607.6,0.00016,109598009,2024-02-29 11:01:15+00:00
B,62608.33,0.22856,109661051,2024-02-29 11:01:15+00:00
B,62608.88,0.38539,109586709,2024-02-29 11:01:15+00:00
B,62609.0,0.15,109586707,2024-02-29 11:01:15+00:00
B,62609.01,0.13723,109663935,2024-02-29 11:01:15+00:00
B,62609.74,0.45538,109663933,2024-02-29 11:01:15+00:00
B,62609.85,0.13,109661049,2024-02-29 11:01:15+00:00
B,62609.86,0.15,109661047,2024-02-29 11:01:15+00:00
B,62610.0,4.78528,109666485,2024-02-29 11:01:15+00:00
S,62610.01,0.84012,100966434,2024-02-29 11:01:16+00:00
S,62610.33,0.094,100905216,2024-02-29 11:01:16+00:00
S,62611.11,0.02026,100891354,2024-02-29 11:01:16+00:00
S,62611.45,0.00016,100963938,2024-02-29 11:01:16+00:00
S,62612.66,0.00016,100963940,2024-02-29 11:01:16+00:00
S,62614.01,0.08849,100882108,2024-02-29 11:01:16+00:00
S,62614.2,0.0472,100879948,2024-02-29 11:01:16+00:00
S,62615.0,0.01493,100925628,2024-02-29 11:01:16+00:00
S,62615.01,0.82194,100879958,2024-02-29 11:01:16+00:00
S,62615.08,0.00016,100964484,2024-02-29 11:01:16+00:00
B,62607.44,0.08849,109646029,2024-02-29 11:01:16+00:00
B,62607.82,0.00016,109667813,2024-02-29 11:01:16+00:00
B,62608.33,0.22856,109661051,2024-02-29 11:01:16+00:00
B,62608.88,0.38539,109586709,2024-02-29 11:01:16+00:00
B,62609.0,0.15,109586707,2024-02-29 11:01:16+00:00
B,62609.01,0.13723,109663935,2024-02-29 11:01:16+00:00
B,62609.74,0.45538,109663933,2024-02-29 11:01:16+00:00
B,62609.85,0.13,109661049,2024-02-29 11:01:16+00:00
B,62609.86,0.15,109661047,2024-02-29 11:01:16+00:00
B,62610.0,4.81429,109671291,2024-02-29 11:01:16+00:00
S,62627.04,0.84325,100978386,2024-02-29 11:01:17+00:00
S,62628.21,0.31928,100978388,2024-02-29 11:01:17+00:00
S,62628.22,0.23028,100974762,2024-02-29 11:01:17+00:00
S,62628.23,0.15,100974764,2024-02-29 11:01:17+00:00
S,62631.1,0.06387,100855104,2024-02-29 11:01:17+00:00
S,62631.14,0.00273,100843008,2024-02-29 11:01:17+00:00
S,62633.14,0.06632,100979614,2024-02-29 11:01:17+00:00
S,62633.73,0.08849,100817014,2024-02-29 11:01:17+00:00
S,62634.32,0.13,100810906,2024-02-29 11:01:17+00:00
S,62634.65,0.01595,100812130,2024-02-29 11:01:17+00:00
B,62620.81,0.31932,109686295,2024-02-29 11:01:17+00:00
B,62620.82,0.31542,109687957,2024-02-29 11:01:17+00:00
B,62621.46,0.63792,109681657,2024-02-29 11:01:17+00:00
B,62622.46,0.79671,109679239,2024-02-29 11:01:17+00:00
B,62622.47,0.01985,109681655,2024-02-29 11:01:17+00:00
B,62622.48,0.38283,109684517,2024-02-29 11:01:17+00:00
B,62622.8,0.15965,109686293,2024-02-29 11:01:17+00:00
B,62625.22,0.03,109681653,2024-02-29 11:01:17+00:00
B,62626.08,0.10435,109679237,2024-02-29 11:01:17+00:00
B,62627.03,2.0942,109686291,2024-02-29 11:01:17+00:00
S,62627.04,0.17256,100981078,2024-02-29 11:01:18+00:00
S,62628.21,0.31928,100978388,2024-02-29 11:01:18+00:00
S,62628.22,0.08028,100974762,2024-02-29 11:01:18+00:00
S,62631.1,0.06387,100855104,2024-02-29 11:01:18+00:00
S,62631.14,0.00273,100843008,2024-02-29 11:01:18+00:00
S,62633.73,0.08849,100817014,2024-02-29 11:01:18+00:00
S,62634.32,0.13,100810906,2024-02-29 11:01:18+00:00
S,62634.65,0.01595,100812130,2024-02-29 11:01:18+00:00
S,62634.79,0.04,100941540,2024-02-29 11:01:18+00:00
S,62634.83,0.0012,100855110,2024-02-29 11:01:18+00:00
B,62620.59,0.08849,109679245,2024-02-29 11:01:18+00:00
B,62620.69,0.15,109679243,2024-02-29 11:01:18+00:00
B,62620.77,0.07983,109686297,2024-02-29 11:01:18+00:00
B,62622.43,0.01,109688869,2024-02-29 11:01:18+00:00
B,62622.46,0.79671,109679239,2024-02-29 11:01:18+00:00
B,62622.47,0.01985,109681655,2024-02-29 11:01:18+00:00
B,62622.48,0.38283,109691997,2024-02-29 11:01:18+00:00
B,62625.05,0.3193,109699371,2024-02-29 11:01:18+00:00
B,62626.08,0.10435,109679237,2024-02-29 11:01:18+00:00
B,62627.03,2.60533,109696043,2024-02-29 11:01:18+00:00
S,62627.04,1.19613,100998906,2024-02-29 11:01:19+00:00
S,62627.14,0.15964,100990190,2024-02-29 11:01:19+00:00
S,62628.2,0.01993,100993692,2024-02-29 11:01:19+00:00
S,62628.21,0.31928,100978388,2024-02-29 11:01:19+00:00
S,62628.22,0.08028,100974762,2024-02-29 11:01:19+00:00
S,62631.1,0.06387,100855104,2024-02-29 11:01:19+00:00
S,62631.14,0.00273,100843008,2024-02-29 11:01:19+00:00
S,62633.73,0.08849,100817014,2024-02-29 11:01:19+00:00
S,62634.32,0.13,100810906,2024-02-29 11:01:19+00:00
S,62634.65,0.01595,100812130,2024-02-29 11:01:19+00:00
B,62620.77,0.07983,109686297,2024-02-29 11:01:19+00:00
B,62622.43,0.01,109688869,2024-02-29 11:01:19+00:00
B,62622.46,0.79671,109679239,2024-02-29 11:01:19+00:00
B,62622.47,0.01985,109681655,2024-02-29 11:01:19+00:00
B,62622.48,0.38283,109691997,2024-02-29 11:01:19+00:00
B,62623.09,0.31931,109710661,2024-02-29 11:01:19+00:00
B,62624.2,0.15965,109710659,2024-02-29 11:01:19+00:00
B,62624.21,0.09582,109713117,2024-02-29 11:01:19+00:00
B,62626.08,0.10435,109679237,2024-02-29 11:01:19+00:00
B,62627.03,2.40157,109713115,2024-02-29 11:01:19+00:00
S,62627.04,1.8181,101010298,2024-02-29 11:01:20+00:00
S,62627.14,0.15964,100990190,2024-02-29 11:01:20+00:00
S,62627.16,0.08849,101007966,2024-02-29 11:01:20+00:00
S,62627.32,0.31929,101009314,2024-02-29 11:01:20+00:00
S,62628.2,0.01993,100993692,2024-02-29 11:01:20+00:00
S,62628.22,0.08028,100974762,2024-02-29 11:01:20+00:00
S,62630.16,0.00506,101010300,2024-02-29 11:01:20+00:00
S,62630.67,0.04309,101009316,2024-02-29 11:01:20+00:00
S,62631.0,0.24354,101007968,2024-02-29 11:01:20+00:00
S,62631.1,0.06387,100855104,2024-02-29 11:01:20+00:00
B,62620.58,0.0316,109679247,2024-02-29 11:01:20+00:00
B,62620.59,0.08849,109679245,2024-02-29 11:01:20+00:00
B,62620.69,0.15,109679243,2024-02-29 11:01:20+00:00
B,62620.77,0.07983,109686297,2024-02-29 11:01:20+00:00
B,62620.78,0.31541,109724465,2024-02-29 11:01:20+00:00
B,62621.39,0.79671,109725485,2024-02-29 11:01:20+00:00
B,62623.96,0.1566,109725483,2024-02-29 11:01:20+00:00
B,62626.08,0.10435,109679237,2024-02-29 11:01:20+00:00
B,62626.09,0.06262,109725481,2024-02-29 11:01:20+00:00
B,62627.03,0.88189,109716795,2024-02-29 11:01:20+00:00
S,62627.04,1.90643,101023208,2024-02-29 11:01:21+00:00
S,62627.52,0.15964,101017968,2024-02-29 11:01:21+00:00
S,62628.2,0.01993,100993692,2024-02-29 11:01:21+00:00
S,62628.22,0.08028,100974762,2024-02-29 11:01:21+00:00
S,62628.39,0.00016,101013590,2024-02-29 11:01:21+00:00
S,62630.16,0.00506,101010300,2024-02-29 11:01:21+00:00
S,62630.34,0.00016,101013592,2024-02-29 11:01:21+00:00
S,62631.1,0.06387,100855104,2024-02-29 11:01:21+00:00
S,62631.14,0.00273,100843008,2024-02-29 11:01:21+00:00
S,62631.8,0.31926,101023210,2024-02-29 11:01:21+00:00
B,62620.77,0.15966,109736435,2024-02-29 11:01:21+00:00
B,62621.12,0.00016,109730257,2024-02-29 11:01:21+00:00
B,62621.41,0.81644,109728015,2024-02-29 11:01:21+00:00
B,62621.42,0.48995,109730255,2024-02-29 11:01:21+00:00
B,62622.22,0.13355,109739099,2024-02-29 11:01:21+00:00
B,62623.54,0.00016,109730253,2024-02-29 11:01:21+00:00
B,62623.59,0.03,109730251,2024-02-29 11:01:21+00:00
B,62624.75,0.00016,109730249,2024-02-29 11:01:21+00:00
B,62626.08,0.10435,109679237,2024-02-29 11:01:21+00:00
B,62627.03,1.47164,109733765,2024-02-29 11:01:21+00:00
S,62627.04,1.93898,101029954,2024-02-29 11:01:22+00:00
S,62627.52,0.15964,101017968,2024-02-29 11:01:22+00:00
S,62628.2,0.01993,100993692,2024-02-29 11:01:22+00:00
S,62628.22,0.08028,100974762,2024-02-29 11:01:22+00:00
S,62628.39,0.00016,101013590,2024-02-29 11:01:22+00:00
S,62630.15,0.01,101031552,2024-02-29 11:01:22+00:00
S,62630.16,0.00506,101010300,2024-02-29 11:01:22+00:00
S,62630.34,0.00016,101013592,2024-02-29 11:01:22+00:00
S,62631.1,0.06387,100855104,2024-02-29 11:01:22+00:00
S,62631.14,0.00273,100843008,2024-02-29 11:01:22+00:00
B,62620.69,0.15,109740357,2024-02-29 11:01:22+00:00
B,62620.77,0.15966,109736435,2024-02-29 11:01:22+00:00
B,62620.78,0.24784,109746453,2024-02-29 11:01:22+00:00
B,62621.12,0.00016,109730257,2024-02-29 11:01:22+00:00
B,62621.41,0.01973,109728015,2024-02-29 11:01:22+00:00
B,62622.99,0.02,109748195,2024-02-29 11:01:22+00:00
B,62623.54,0.00016,109730253,2024-02-29 11:01:22+00:00
B,62624.75,0.00016,109730249,2024-02-29 11:01:22+00:00
B,62626.08,0.10435,109679237,2024-02-29 11:01:22+00:00
B,62627.03,0.83309,109733765,2024-02-29 11:01:22+00:00
S,62627.04,1.94152,101036524,2024-02-29 11:01:23+00:00
S,62627.16,0.08849,101033984,2024-02-29 11:01:23+00:00
S,62627.52,0.15964,101017968,2024-02-29 11:01:23+00:00
S,62628.2,0.01993,100993692,2024-02-29 11:01:23+00:00
S,62628.22,0.08028,100974762,2024-02-29 11:01:23+00:00
S,62628.39,0.00016,101013590,2024-02-29 11:01:23+00:00
S,62630.15,0.01,101031552,2024-02-29 11:01:23+00:00
S,62630.16,0.00506,101010300,2024-02-29 11:01:23+00:00
S,62630.34,0.00016,101013592,2024-02-29 11:01:23+00:00
S,62631.1,0.06387,100855104,2024-02-29 11:01:23+00:00
B,62621.41,0.01973,109728015,2024-02-29 11:01:23+00:00
B,62621.42,0.79671,109752519,2024-02-29 11:01:23+00:00
B,62621.43,0.49002,109753489,2024-02-29 11:01:23+00:00
B,62622.99,0.02,109748195,2024-02-29 11:01:23+00:00
B,62623.45,0.13047,109755879,2024-02-29 11:01:23+00:00
B,62623.54,0.00016,109730253,2024-02-29 11:01:23+00:00
B,62624.75,0.00016,109730249,2024-02-29 11:01:23+00:00
B,62626.08,0.10435,109679237,2024-02-29 11:01:23+00:00
B,62626.09,0.05801,109755877,2024-02-29 11:01:23+00:00
B,62627.03,0.76816,109755875,2024-02-29 11:01:23+00:00
S,62627.04,1.23455,101036524,2024-02-29 11:01:24+00:00
S,62627.16,0.08849,101033984,2024-02-29 11:01:24+00:00
S,62627.52,0.15964,101017968,2024-02-29 11:01:24+00:00
S,62628.2,0.01993,100993692,2024-02-29 11:01:24+00:00
S,62628.22,0.08028,100974762,2024-02-29 11:01:24+00:00
S,62628.39,0.00016,101013590,2024-02-29 11:01:24+00:00
S,62630.15,0.01,101031552,2024-02-29 11:01:24+00:00
S,62630.16,0.00506,101010300,2024-02-29 11:01:24+00:00
S,62630.34,0.00016,101013592,2024-02-29 11:01:24+00:00
S,62631.1,0.06387,100855104,2024-02-29 11:01:24+00:00
B,62621.42,0.79671,109752519,2024-02-29 11:01:24+00:00
B,62621.43,0.49002,109753489,2024-02-29 11:01:24+00:00
B,62622.99,0.02,109748195,2024-02-29 11:01:24+00:00
B,62623.54,0.00016,109730253,2024-02-29 11:01:24+00:00
B,62623.94,0.3193,109764423,2024-02-29 11:01:24+00:00
B,62624.75,0.00016,109730249,2024-02-29 11:01:24+00:00
B,62625.01,0.15965,109764421,2024-02-29 11:01:24+00:00
B,62626.08,0.10435,109679237,2024-02-29 11:01:24+00:00
B,62626.61,0.15972,109761037,2024-02-29 11:01:24+00:00
B,62627.03,2.18853,109764419,2024-02-29 11:01:24+00:00
S,62627.04,0.106,101049564,2024-02-29 11:01:25+00:00
S,62628.2,0.01993,100993692,2024-02-29 11:01:25+00:00
S,62628.22,0.08028,100974762,2024-02-29 11:01:25+00:00
S,62628.39,0.00016,101013590,2024-02-29 11:01:25+00:00
S,62630.16,0.00506,101010300,2024-02-29 11:01:25+00:00
S,62630.34,0.00016,101013592,2024-02-29 11:01:25+00:00
S,62631.1,0.06387,100855104,2024-02-29 11:01:25+00:00
S,62633.73,0.08849,100817014,2024-02-29 11:01:25+00:00
S,62634.25,0.00016,101013594,2024-02-29 11:01:25+00:00
S,62634.65,0.01595,100812130,2024-02-29 11:01:25+00:00
B,62621.12,0.00016,109730257,2024-02-29 11:01:25+00:00
B,62621.41,0.01973,109728015,2024-02-29 11:01:25+00:00
B,62621.42,0.79671,109752519,2024-02-29 11:01:25+00:00
B,62621.43,0.49002,109753489,2024-02-29 11:01:25+00:00
B,62623.54,0.00016,109730253,2024-02-29 11:01:25+00:00
B,62624.75,0.00016,109730249,2024-02-29 11:01:25+00:00
B,62626.08,0.10435,109679237,2024-02-29 11:01:25+00:00
B,62626.13,0.3193,109771823,2024-02-29 11:01:25+00:00
B,62626.61,0.15972,109761037,2024-02-29 11:01:25+00:00
B,62627.03,2.6316,109772813,2024-02-29 11:01:25+00:00
S,62631.1,0.07555,101059890,2024-02-29 11:01:26+00:00
S,62634.25,0.00016,101013594,2024-02-29 11:01:26+00:00
S,62634.79,0.04,100941540,2024-02-29 11:01:26+00:00
S,62635.23,0.15741,100984078,2024-02-29 11:01:26+00:00
S,62636.51,0.01199,100980282,2024-02-29 11:01:26+00:00
S,62637.68,0.00017,100835670,2024-02-29 11:01:26+00:00
S,62639.26,0.31923,101061548,2024-02-29 11:01:26+00:00
S,62640.12,0.00016,101013600,2024-02-29 11:01:26+00:00
S,62640.31,0.08849,100810938,2024-02-29 11:01:26+00:00
S,62640.49,0.11175,101058138,2024-02-29 11:01:26+00:00
B,62626.13,0.3193,109771823,2024-02-29 11:01:26+00:00
B,62626.39,0.1888,109784041,2024-02-29 11:01:26+00:00
B,62626.95,0.01993,109777373,2024-02-29 11:01:26+00:00
B,62627.03,0.44324,109772813,2024-02-29 11:01:26+00:00
B,62627.17,0.08849,109777371,2024-02-29 11:01:26+00:00
B,62627.18,0.28401,109784039,2024-02-29 11:01:26+00:00
B,62628.21,0.45974,109781953,2024-02-29 11:01:26+00:00
B,62628.33,0.15,109780769,2024-02-29 11:01:26+00:00
B,62628.38,0.11263,109780767,2024-02-29 11:01:26+00:00
B,62631.09,7.79715,109783081,2024-02-29 11:01:26+00:00
S,62635.77,0.09384,101067988,2024-02-29 11:01:27+00:00
S,62639.49,0.00016,101063586,2024-02-29 11:01:27+00:00
S,62640.31,0.08849,100810938,2024-02-29 11:01:27+00:00
S,62641.1,0.06386,100852352,2024-02-29 11:01:27+00:00
S,62641.25,0.00013,100812136,2024-02-29 11:01:27+00:00
S,62641.76,0.31922,101069350,2024-02-29 11:01:27+00:00
S,62642.69,0.1596,101071020,2024-02-29 11:01:27+00:00
S,62642.82,0.00046,101045818,2024-02-29 11:01:27+00:00
S,62643.29,0.01138,101067990,2024-02-29 11:01:27+00:00
S,62644.18,0.11174,101067992,2024-02-29 11:01:27+00:00
B,62633.41,0.42725,109797193,2024-02-29 11:01:27+00:00
B,62633.58,0.12996,109793209,2024-02-29 11:01:27+00:00
B,62633.74,0.08849,109793207,2024-02-29 11:01:27+00:00
B,62634.23,0.12996,109793205,2024-02-29 11:01:27+00:00
B,62634.78,0.12996,109793203,2024-02-29 11:01:27+00:00
B,62634.79,0.02107,109794873,2024-02-29 11:01:27+00:00
B,62634.8,0.07806,109797191,2024-02-29 11:01:27+00:00
B,62635.24,0.27732,109797189,2024-02-29 11:01:27+00:00
B,62635.54,1.80996,109793199,2024-02-29 11:01:27+00:00
B,62635.76,3.76488,109797187,2024-02-29 11:01:27+00:00
S,62641.1,0.82738,101085538,2024-02-29 11:01:28+00:00
S,62642.5,0.1596,101086344,2024-02-29 11:01:28+00:00
S,62643.52,0.31921,101085540,2024-02-29 11:01:28+00:00
S,62645.41,0.00016,101064342,2024-02-29 11:01:28+00:00
S,62646.89,0.08849,100810958,2024-02-29 11:01:28+00:00
S,62646.99,0.00017,100812144,2024-02-29 11:01:28+00:00
S,62649.69,0.28945,101080906,2024-02-29 11:01:28+00:00
S,62649.7,0.11174,101072826,2024-02-29 11:01:28+00:00
S,62649.99,0.36148,101071024,2024-02-29 11:01:28+00:00
S,62650.0,0.0095,100911884,2024-02-29 11:01:28+00:00
B,62635.24,0.27732,109797189,2024-02-29 11:01:28+00:00
B,62635.54,0.12996,109793199,2024-02-29 11:01:28+00:00
B,62635.76,0.38235,109801975,2024-02-29 11:01:28+00:00
B,62635.88,0.15,109799639,2024-02-29 11:01:28+00:00
B,62635.89,0.16645,109804399,2024-02-29 11:01:28+00:00
B,62637.88,0.00186,109801973,2024-02-29 11:01:28+00:00
B,62639.61,0.31923,109810867,2024-02-29 11:01:28+00:00
B,62640.3,0.23732,109799633,2024-02-29 11:01:28+00:00
B,62640.32,0.08849,109804397,2024-02-29 11:01:28+00:00
B,62641.09,9.20212,109815355,2024-02-29 11:01:28+00:00
S,62641.1,0.81793,101093812,2024-02-29 11:01:29+00:00
S,62641.73,0.15961,101089792,2024-02-29 11:01:29+00:00
S,62642.97,0.094,101093052,2024-02-29 11:01:29+00:00
S,62643.52,0.31921,101085540,2024-02-29 11:01:29+00:00
S,62645.41,0.00016,101064342,2024-02-29 11:01:29+00:00
S,62646.89,0.08849,100810958,2024-02-29 11:01:29+00:00
S,62646.99,0.00017,100812144,2024-02-29 11:01:29+00:00
S,62649.69,0.28945,101080906,2024-02-29 11:01:29+00:00
S,62649.7,0.11174,101072826,2024-02-29 11:01:29+00:00
S,62649.99,0.36148,101071024,2024-02-29 11:01:29+00:00
B,62635.24,0.27732,109797189,2024-02-29 11:01:29+00:00
B,62635.54,0.12996,109793199,2024-02-29 11:01:29+00:00
B,62635.76,0.38235,109801975,2024-02-29 11:01:29+00:00
B,62635.88,0.15,109799639,2024-02-29 11:01:29+00:00
B,62635.89,0.16645,109804399,2024-02-29 11:01:29+00:00
B,62637.88,0.00186,109801973,2024-02-29 11:01:29+00:00
B,62639.61,0.31923,109810867,2024-02-29 11:01:29+00:00
B,62640.3,0.23732,109799633,2024-02-29 11:01:29+00:00
B,62640.32,0.08849,109804397,2024-02-29 11:01:29+00:00
B,62641.09,9.12501,109823525,2024-02-29 11:01:29+00:00
S,62641.1,1.25694,101100242,2024-02-29 11:01:30+00:00
S,62641.53,0.31922,101099474,2024-02-29 11:01:30+00:00
S,62642.97,0.094,101093052,2024-02-29 11:01:30+00:00
S,62645.41,0.00016,101064342,2024-02-29 11:01:30+00:00
S,62646.88,0.28945,101100244,2024-02-29 11:01:30+00:00
S,62646.89,0.08849,100810958,2024-02-29 11:01:30+00:00
S,62646.99,0.00017,100812144,2024-02-29 11:01:30+00:00
S,62649.69,0.28945,101080906,2024-02-29 11:01:30+00:00
S,62649.7,0.11174,101072826,2024-02-29 11:01:30+00:00
S,62649.99,0.36148,101071024,2024-02-29 11:01:30+00:00
B,62635.54,0.12996,109793199,2024-02-29 11:01:30+00:00
B,62635.76,0.38235,109801975,2024-02-29 11:01:30+00:00
B,62635.88,0.15,109799639,2024-02-29 11:01:30+00:00
B,62635.89,0.16645,109804399,2024-02-29 11:01:30+00:00
B,62637.88,0.00186,109801973,2024-02-29 11:01:30+00:00
B,62639.61,0.31923,109810867,2024-02-29 11:01:30+00:00
B,62640.02,0.15961,109828837,2024-02-29 11:01:30+00:00
B,62640.3,0.23732,109799633,2024-02-29 11:01:30+00:00
B,62640.32,0.08849,109804397,2024-02-29 11:01:30+00:00
B,62641.09,9.04054,109829695,2024-02-29 11:01:30+00:00
S,62641.1,1.35472,101107632,2024-02-29 11:01:31+00:00
S,62641.42,0.15961,101102852,2024-02-29 11:01:31+00:00
S,62641.53,0.31922,101099474,2024-02-29 11:01:31+00:00
S,62642.97,0.094,101093052,2024-02-29 11:01:31+00:00
S,62645.41,0.00016,101064342,2024-02-29 11:01:31+00:00
S,62646.88,0.28945,101100244,2024-02-29 11:01:31+00:00
S,62646.89,0.08849,101102854,2024-02-29 11:01:31+00:00
S,62646.99,0.00017,100812144,2024-02-29 11:01:31+00:00
S,62647.55,0.00015,101107634,2024-02-29 11:01:31+00:00
S,62648.02,0.31918,101107636,2024-02-29 11:01:31+00:00
B,62634.79,0.02107,109794873,2024-02-29 11:01:31+00:00
B,62634.92,0.0003,109825529,2024-02-29 11:01:31+00:00
B,62635.24,0.27732,109797189,2024-02-29 11:01:31+00:00
B,62635.54,0.12996,109793199,2024-02-29 11:01:31+00:00
B,62635.63,0.01,109837101,2024-02-29 11:01:31+00:00
B,62635.76,0.38235,109801975,2024-02-29 11:01:31+00:00
B,62635.88,0.15,109799639,2024-02-29 11:01:31+00:00
B,62635.89,0.16645,109804399,2024-02-29 11:01:31+00:00
B,62640.3,0.23732,109799633,2024-02-29 11:01:31+00:00
B,62641.09,3.53411,109831279,2024-02-29 11:01:31+00:00
S,62641.1,1.49993,101111856,2024-02-29 11:01:32+00:00
S,62641.41,0.02131,101116848,2024-02-29 11:01:32+00:00
S,62641.42,0.15961,101102852,2024-02-29 11:01:32+00:00
S,62641.53,0.31922,101099474,2024-02-29 11:01:32+00:00
S,62642.97,0.094,101093052,2024-02-29 11:01:32+00:00
S,62643.04,0.2469,101109284,2024-02-29 11:01:32+00:00
S,62645.33,0.02398,101115460,2024-02-29 11:01:32+00:00
S,62645.41,0.00016,101064342,2024-02-29 11:01:32+00:00
S,62646.81,0.31919,101115462,2024-02-29 11:01:32+00:00
S,62646.87,0.41849,101109286,2024-02-29 11:01:32+00:00
B,62634.78,0.12996,109793203,2024-02-29 11:01:32+00:00
B,62634.79,0.02107,109794873,2024-02-29 11:01:32+00:00
B,62635.54,0.12996,109793199,2024-02-29 11:01:32+00:00
B,62635.76,0.38235,109801975,2024-02-29 11:01:32+00:00
B,62635.88,0.15,109799639,2024-02-29 11:01:32+00:00
B,62635.95,0.79639,109847637,2024-02-29 11:01:32+00:00
B,62635.96,0.47789,109848387,2024-02-29 11:01:32+00:00
B,62640.3,0.10736,109799633,2024-02-29 11:01:32+00:00
B,62641.08,0.14256,109843005,2024-02-29 11:01:32+00:00
B,62641.09,1.55894,109845261,2024-02-29 11:01:32+00:00
S,62641.1,1.50374,101123546,2024-02-29 11:01:33+00:00
S,62641.41,0.02131,101116848,2024-02-29 11:01:33+00:00
S,62641.42,0.15961,101102852,2024-02-29 11:01:33+00:00
S,62641.53,0.31922,101099474,2024-02-29 11:01:33+00:00
S,62642.32,0.00016,101119336,2024-02-29 11:01:33+00:00
S,62642.97,0.094,101093052,2024-02-29 11:01:33+00:00
S,62643.04,0.2469,101109284,2024-02-29 11:01:33+00:00
S,62643.05,0.31921,101122704,2024-02-29 11:01:33+00:00
S,62644.32,0.00016,101119338,2024-02-29 11:01:33+00:00
S,62646.49,0.0245,101121878,2024-02-29 11:01:33+00:00
B,62635.76,0.38235,109801975,2024-02-29 11:01:33+00:00
B,62635.88,0.15,109799639,2024-02-29 11:01:33+00:00
B,62635.95,0.79639,109847637,2024-02-29 11:01:33+00:00
B,62635.96,0.47789,109850637,2024-02-29 11:01:33+00:00
B,62637.36,0.00016,109849983,2024-02-29 11:01:33+00:00
B,62638.3,0.01278,109853005,2024-02-29 11:01:33+00:00
B,62638.6,0.00016,109849981,2024-02-29 11:01:33+00:00
B,62638.77,0.15832,109856387,2024-02-29 11:01:33+00:00
B,62640.3,0.10736,109799633,2024-02-29 11:01:33+00:00
B,62641.09,2.1062,109854005,2024-02-29 11:01:33+00:00
S,62641.1,1.87826,101131072,2024-02-29 11:01:34+00:00
S,62641.41,0.02131,101116848,2024-02-29 11:01:34+00:00
S,62641.42,0.15961,101102852,2024-02-29 11:01:34+00:00
S,62641.53,0.31922,101099474,2024-02-29 11:01:34+00:00
S,62642.32,0.00016,101119336,2024-02-29 11:01:34+00:00
S,62642.97,0.094,101093052,2024-02-29 11:01:34+00:00
S,62643.04,0.2469,101109284,2024-02-29 11:01:34+00:00
S,62643.05,0.31921,101122704,2024-02-29 11:01:34+00:00
S,62644.32,0.00016,101119338,2024-02-29 11:01:34+00:00
S,62646.49,0.0245,101121878,2024-02-29 11:01:34+00:00
B,62634.88,0.00016,109850639,2024-02-29 11:01:34+00:00
B,62635.54,0.12996,109793199,2024-02-29 11:01:34+00:00
B,62635.76,0.38235,109801975,2024-02-29 11:01:34+00:00
B,62635.88,0.15,109799639,2024-02-29 11:01:34+00:00
B,62635.96,0.22942,109850637,2024-02-29 11:01:34+00:00
B,62637.36,0.00016,109849983,2024-02-29 11:01:34+00:00
B,62638.3,0.01278,109853005,2024-02-29 11:01:34+00:00
B,62638.6,0.00016,109849981,2024-02-29 11:01:34+00:00
B,62640.3,0.10736,109799633,2024-02-29 11:01:34+00:00
B,62641.09,2.11346,109862077,2024-02-29 11:01:34+00:00
S,62641.1,1.30559,101131072,2024-02-29 11:01:35+00:00
S,62641.41,0.02131,101116848,2024-02-29 11:01:35+00:00
S,62641.42,0.15961,101102852,2024-02-29 11:01:35+00:00
S,62641.53,0.31922,101099474,2024-02-29 11:01:35+00:00
S,62642.32,0.00016,101119336,2024-02-29 11:01:35+00:00
S,62642.97,0.094,101093052,2024-02-29 11:01:35+00:00
S,62643.04,0.2469,101109284,2024-02-29 11:01:35+00:00
S,62644.32,0.00016,101119338,2024-02-29 11:01:35+00:00
S,62646.8,0.01,101129120,2024-02-29 11:01:35+00:00
S,62646.81,0.31919,101115462,2024-02-29 11:01:35+00:00
B,62635.88,0.15,109799639,2024-02-29 11:01:35+00:00
B,62635.96,0.22942,109850637,2024-02-29 11:01:35+00:00
B,62636.95,0.31924,109870835,2024-02-29 11:01:35+00:00
B,62637.36,0.00016,109849983,2024-02-29 11:01:35+00:00
B,62637.97,0.19158,109871793,2024-02-29 11:01:35+00:00
B,62638.3,0.01278,109853005,2024-02-29 11:01:35+00:00
B,62638.6,0.00016,109849981,2024-02-29 11:01:35+00:00
B,62638.89,0.15961,109873803,2024-02-29 11:01:35+00:00
B,62640.3,0.10736,109799633,2024-02-29 11:01:35+00:00
B,62641.09,2.86045,109873801,2024-02-29 11:01:35+00:00
S,62641.1,1.58218,101147726,2024-02-29 11:01:36+00:00
S,62641.41,0.02131,101116848,2024-02-29 11:01:36+00:00
S,62642.32,0.00016,101119336,2024-02-29 11:01:36+00:00
S,62642.6,0.1596,101147728,2024-02-29 11:01:36+00:00
S,62642.97,0.094,101093052,2024-02-29 11:01:36+00:00
S,62644.32,0.00016,101119338,2024-02-29 11:01:36+00:00
S,62646.89,0.08849,101102854,2024-02-29 11:01:36+00:00
S,62646.96,0.0012,101133012,2024-02-29 11:01:36+00:00
S,62646.99,0.00017,100812144,2024-02-29 11:01:36+00:00
S,62647.55,0.00015,101107634,2024-02-29 11:01:36+00:00
B,62635.76,0.38235,109801975,2024-02-29 11:01:36+00:00
B,62635.88,0.15,109799639,2024-02-29 11:01:36+00:00
B,62635.96,0.22942,109850637,2024-02-29 11:01:36+00:00
B,62637.36,0.00016,109849983,2024-02-29 11:01:36+00:00
B,62637.97,0.19158,109871793,2024-02-29 11:01:36+00:00
B,62638.6,0.00016,109849981,2024-02-29 11:01:36+00:00
B,62639.96,0.31923,109881251,2024-02-29 11:01:36+00:00
B,62640.3,0.10736,109799633,2024-02-29 11:01:36+00:00
B,62640.94,0.15961,109881249,2024-02-29 11:01:36+00:00
B,62641.09,3.32498,109881247,2024-02-29 11:01:36+00:00
S,62641.1,1.80908,101150690,2024-02-29 11:01:37+00:00
S,62641.41,0.02131,101116848,2024-02-29 11:01:37+00:00
S,62642.05,0.1596,101156282,2024-02-29 11:01:37+00:00
S,62642.32,0.00016,101119336,2024-02-29 11:01:37+00:00
S,62642.97,0.094,101093052,2024-02-29 11:01:37+00:00
S,62643.04,0.31921,101156284,2024-02-29 11:01:37+00:00
S,62644.32,0.00016,101119338,2024-02-29 11:01:37+00:00
S,62646.88,0.28945,101148898,2024-02-29 11:01:37+00:00
S,62646.89,0.08849,101102854,2024-02-29 11:01:37+00:00
S,62646.96,0.0012,101133012,2024-02-29 11:01:37+00:00
B,62635.54,0.12996,109793199,2024-02-29 11:01:37+00:00
B,62635.76,0.38235,109801975,2024-02-29 11:01:37+00:00
B,62635.88,0.15,109799639,2024-02-29 11:01:37+00:00
B,62635.96,0.22942,109850637,2024-02-29 11:01:37+00:00
B,62637.36,0.00016,109849983,2024-02-29 11:01:37+00:00
B,62638.0,0.31924,109885243,2024-02-29 11:01:37+00:00
B,62638.6,0.00016,109849981,2024-02-29 11:01:37+00:00
B,62638.91,0.19155,109886297,2024-02-29 11:01:37+00:00
B,62640.3,0.10736,109799633,2024-02-29 11:01:37+00:00
B,62641.09,3.80325,109889949,2024-02-29 11:01:37+00:00
S,62641.1,1.78928,101160344,2024-02-29 11:01:38+00:00
S,62641.22,0.31922,101159878,2024-02-29 11:01:38+00:00
S,62641.41,0.18092,101156846,2024-02-29 11:01:38+00:00
S,62642.39,0.00016,101157968,2024-02-29 11:01:38+00:00
S,62642.97,0.094,101093052,2024-02-29 11:01:38+00:00
S,62644.33,0.00016,101157410,2024-02-29 11:01:38+00:00
S,62646.88,0.28945,101148898,2024-02-29 11:01:38+00:00
S,62646.89,0.08849,101102854,2024-02-29 11:01:38+00:00
S,62646.96,0.0012,101133012,2024-02-29 11:01:38+00:00
S,62646.99,0.00017,100812144,2024-02-29 11:01:38+00:00
B,62634.83,0.07981,109882569,2024-02-29 11:01:38+00:00
B,62635.2,0.00016,109891405,2024-02-29 11:01:38+00:00
B,62635.54,0.12996,109793199,2024-02-29 11:01:38+00:00
B,62635.76,0.38235,109801975,2024-02-29 11:01:38+00:00
B,62635.88,0.15,109799639,2024-02-29 11:01:38+00:00
B,62635.96,0.22942,109850637,2024-02-29 11:01:38+00:00
B,62637.6,0.00016,109891403,2024-02-29 11:01:38+00:00
B,62638.8,0.00016,109891401,2024-02-29 11:01:38+00:00
B,62640.3,0.10736,109799633,2024-02-29 11:01:38+00:00
B,62641.09,3.90011,109895871,2024-02-29 11:01:38+00:00
S,62641.1,0.94847,101164450,2024-02-29 11:01:39+00:00
S,62641.41,0.02131,101156846,2024-02-29 11:01:39+00:00
S,62642.39,0.00016,101157968,2024-02-29 11:01:39+00:00
S,62642.55,0.1596,101166140,2024-02-29 11:01:39+00:00
S,62642.97,0.094,101093052,2024-02-29 11:01:39+00:00
S,62643.51,0.31921,101166142,2024-02-29 11:01:39+00:00
S,62644.33,0.00016,101157410,2024-02-29 11:01:39+00:00
S,62646.89,0.08849,101102854,2024-02-29 11:01:39+00:00
S,62646.96,0.0012,101133012,2024-02-29 11:01:39+00:00
S,62646.99,0.00017,100812144,2024-02-29 11:01:39+00:00
B,62635.54,0.12996,109793199,2024-02-29 11:01:39+00:00
B,62635.7,0.31925,109902357,2024-02-29 11:01:39+00:00
B,62635.76,0.38235,109801975,2024-02-29 11:01:39+00:00
B,62635.88,0.15,109799639,2024-02-29 11:01:39+00:00
B,62635.96,0.22942,109850637,2024-02-29 11:01:39+00:00
B,62637.41,0.01278,109901451,2024-02-29 11:01:39+00:00
B,62637.6,0.00016,109891403,2024-02-29 11:01:39+00:00
B,62638.8,0.00016,109891401,2024-02-29 11:01:39+00:00
B,62640.3,0.10736,109799633,2024-02-29 11:01:39+00:00
B,62641.09,3.82869,109902355,2024-02-29 11:01:39+00:00
S,62641.1,0.94825,101170000,2024-02-29 11:01:40+00:00
S,62641.41,0.02131,101156846,2024-02-29 11:01:40+00:00
S,62642.39,0.00016,101157968,2024-02-29 11:01:40+00:00
S,62643.51,0.31921,101166142,2024-02-29 11:01:40+00:00
S,62644.33,0.00016,101157410,2024-02-29 11:01:40+00:00
S,62646.89,0.08849,101102854,2024-02-29 11:01:40+00:00
S,62646.96,0.0012,101133012,2024-02-29 11:01:40+00:00
S,62646.99,0.00017,100812144,2024-02-29 11:01:40+00:00
S,62647.12,0.06864,101160858,2024-02-29 11:01:40+00:00
S,62647.55,0.00015,101107634,2024-02-29 11:01:40+00:00
B,62635.88,0.15,109799639,2024-02-29 11:01:40+00:00
B,62635.96,0.22942,109905205,2024-02-29 11:01:40+00:00
B,62636.17,0.04483,109905829,2024-02-29 11:01:40+00:00
B,62637.41,0.01278,109901451,2024-02-29 11:01:40+00:00
B,62637.6,0.00016,109891403,2024-02-29 11:01:40+00:00
B,62638.8,0.00016,109891401,2024-02-29 11:01:40+00:00
B,62639.9,0.09383,109908997,2024-02-29 11:01:40+00:00
B,62640.3,0.10736,109799633,2024-02-29 11:01:40+00:00
B,62641.08,0.0002,109904417,2024-02-29 11:01:40+00:00
B,62641.09,3.82828,109909653,2024-02-29 11:01:40+00:00
S,62641.1,2.19256,101177348,2024-02-29 11:01:41+00:00
S,62641.41,0.02131,101156846,2024-02-29 11:01:41+00:00
S,62642.39,0.00016,101157968,2024-02-29 11:01:41+00:00
S,62643.61,0.094,101178634,2024-02-29 11:01:41+00:00
S,62644.33,0.00016,101157410,2024-02-29 11:01:41+00:00
S,62646.88,0.28945,101177350,2024-02-29 11:01:41+00:00
S,62646.89,0.08849,101102854,2024-02-29 11:01:41+00:00
S,62646.96,0.0012,101133012,2024-02-29 11:01:41+00:00
S,62646.99,0.00017,100812144,2024-02-29 11:01:41+00:00
S,62647.12,0.06864,101160858,2024-02-29 11:01:41+00:00
B,62637.41,0.01278,109901451,2024-02-29 11:01:41+00:00
B,62637.6,0.00016,109891403,2024-02-29 11:01:41+00:00
B,62637.71,0.09383,109914617,2024-02-29 11:01:41+00:00
B,62638.65,0.31923,109915585,2024-02-29 11:01:41+00:00
B,62638.66,0.19158,109916947,2024-02-29 11:01:41+00:00
B,62638.8,0.00016,109891401,2024-02-29 11:01:41+00:00
B,62639.6,0.15961,109916945,2024-02-29 11:01:41+00:00
B,62640.3,0.10736,109799633,2024-02-29 11:01:41+00:00
B,62641.08,0.0004,109917851,2024-02-29 11:01:41+00:00
B,62641.09,3.25783,109909653,2024-02-29 11:01:41+00:00
S,62641.1,0.57332,101187170,2024-02-29 11:01:42+00:00
S,62641.41,0.02131,101156846,2024-02-29 11:01:42+00:00
S,62642.39,0.00016,101157968,2024-02-29 11:01:42+00:00
S,62643.61,0.094,101178634,2024-02-29 11:01:42+00:00
S,62644.08,0.1596,101187172,2024-02-29 11:01:42+00:00
S,62644.33,0.00016,101157410,2024-02-29 11:01:42+00:00
S,62645.23,0.3192,101186504,2024-02-29 11:01:42+00:00
S,62646.89,0.08849,101102854,2024-02-29 11:01:42+00:00
S,62646.96,0.0012,101133012,2024-02-29 11:01:42+00:00
S,62646.99,0.00017,101185884,2024-02-29 11:01:42+00:00
B,62635.96,0.22942,109905205,2024-02-29 11:01:42+00:00
B,62637.34,0.0003,109911275,2024-02-29 11:01:42+00:00
B,62637.6,0.00016,109891403,2024-02-29 11:01:42+00:00
B,62638.8,0.00016,109891401,2024-02-29 11:01:42+00:00
B,62639.67,0.09383,109923409,2024-02-29 11:01:42+00:00
B,62640.3,0.10736,109799633,2024-02-29 11:01:42+00:00
B,62640.32,0.08849,109924061,2024-02-29 11:01:42+00:00
B,62640.82,0.31922,109921149,2024-02-29 11:01:42+00:00
B,62641.08,0.0002,109917851,2024-02-29 11:01:42+00:00
B,62641.09,3.52666,109922675,2024-02-29 11:01:42+00:00
S,62649.27,0.36362,101196372,2024-02-29 11:01:43+00:00
S,62649.46,0.00191,101196374,2024-02-29 11:01:43+00:00
S,62650.0,0.0095,100911884,2024-02-29 11:01:43+00:00
S,62650.89,0.094,101195636,2024-02-29 11:01:43+00:00
S,62651.1,0.08161,100818968,2024-02-29 11:01:43+00:00
S,62652.57,0.04,100873350,2024-02-29 11:01:43+00:00
S,62653.47,0.08849,101166884,2024-02-29 11:01:43+00:00
S,62654.03,0.00016,101157414,2024-02-29 11:01:43+00:00
S,62654.44,0.15957,101196376,2024-02-29 11:01:43+00:00
S,62655.09,0.00638,101019016,2024-02-29 11:01:43+00:00
B,62644.97,0.00798,109927283,2024-02-29 11:01:43+00:00
B,62645.22,0.38879,109927281,2024-02-29 11:01:43+00:00
B,62646.9,0.08849,109927279,2024-02-29 11:01:43+00:00
B,62646.98,0.12996,109927277,2024-02-29 11:01:43+00:00
B,62648.2,0.17787,109927275,2024-02-29 11:01:43+00:00
B,62648.67,0.09383,109934499,2024-02-29 11:01:43+00:00
B,62648.82,0.31918,109931345,2024-02-29 11:01:43+00:00
B,62649.2,0.02096,109931343,2024-02-29 11:01:43+00:00
B,62649.21,0.3109,109933659,2024-02-29 11:01:43+00:00
B,62649.26,7.41963,109937101,2024-02-29 11:01:43+00:00
S,62649.27,0.38059,101199802,2024-02-29 11:01:44+00:00
S,62650.0,0.0095,100911884,2024-02-29 11:01:44+00:00
S,62650.89,0.094,101195636,2024-02-29 11:01:44+00:00
S,62650.92,0.00016,101198758,2024-02-29 11:01:44+00:00
S,62651.1,0.08161,100818968,2024-02-29 11:01:44+00:00
S,62652.37,0.03419,101202274,2024-02-29 11:01:44+00:00
S,62652.57,0.04,100873350,2024-02-29 11:01:44+00:00
S,62652.82,0.00016,101198254,2024-02-29 11:01:44+00:00
S,62653.47,0.08849,101166884,2024-02-29 11:01:44+00:00
S,62654.45,0.15957,101202276,2024-02-29 11:01:44+00:00
B,62646.2,0.00016,109938377,2024-02-29 11:01:44+00:00
B,62646.37,0.31919,109942925,2024-02-29 11:01:44+00:00
B,62646.9,0.08849,109927279,2024-02-29 11:01:44+00:00
B,62646.98,0.12996,109927277,2024-02-29 11:01:44+00:00
B,62647.38,0.00016,109938375,2024-02-29 11:01:44+00:00
B,62648.2,0.12996,109927275,2024-02-29 11:01:44+00:00
B,62648.82,0.31918,109931345,2024-02-29 11:01:44+00:00
B,62649.2,0.02096,109931343,2024-02-29 11:01:44+00:00
B,62649.21,0.3109,109933659,2024-02-29 11:01:44+00:00
B,62649.26,8.40162,109942923,2024-02-29 11:01:44+00:00
S,62649.27,0.83543,101208450,2024-02-29 11:01:45+00:00
S,62649.43,0.01368,101208452,2024-02-29 11:01:45+00:00
S,62650.0,0.0095,100911884,2024-02-29 11:01:45+00:00
S,62650.92,0.00016,101198758,2024-02-29 11:01:45+00:00
S,62651.1,0.08161,100818968,2024-02-29 11:01:45+00:00
S,62652.57,0.04,100873350,2024-02-29 11:01:45+00:00
S,62652.8,0.15958,101208454,2024-02-29 11:01:45+00:00
S,62652.82,0.00016,101198254,2024-02-29 11:01:45+00:00
S,62653.47,0.08849,101166884,2024-02-29 11:01:45+00:00
S,62655.09,0.00638,101019016,2024-02-29 11:01:45+00:00
B,62644.97,0.00798,109927283,2024-02-29 11:01:45+00:00
B,62645.22,0.14592,109927281,2024-02-29 11:01:45+00:00
B,62646.2,0.00016,109938377,2024-02-29 11:01:45+00:00
B,62646.9,0.08849,109927279,2024-02-29 11:01:45+00:00
B,62646.98,0.12996,109927277,2024-02-29 11:01:45+00:00
B,62646.99,0.32277,109950227,2024-02-29 11:01:45+00:00
B,62647.38,0.00016,109938375,2024-02-29 11:01:45+00:00
B,62648.2,0.12996,109927275,2024-02-29 11:01:45+00:00
B,62649.2,0.02096,109931343,2024-02-29 11:01:45+00:00
B,62649.26,6.43376,109948425,2024-02-29 11:01:45+00:00
S,62649.27,0.68297,101208976,2024-02-29 11:01:46+00:00
S,62650.0,0.0095,100911884,2024-02-29 11:01:46+00:00
S,62650.92,0.00016,101198758,2024-02-29 11:01:46+00:00
S,62651.1,0.08161,100818968,2024-02-29 11:01:46+00:00
S,62652.57,0.04,100873350,2024-02-29 11:01:46+00:00
S,62652.82,0.00016,101198254,2024-02-29 11:01:46+00:00
S,62653.47,0.08849,101166884,2024-02-29 11:01:46+00:00
S,62654.94,0.03588,101211286,2024-02-29 11:01:46+00:00
S,62655.06,0.15957,101212536,2024-02-29 11:01:46+00:00
S,62655.09,0.00638,101019016,2024-02-29 11:01:46+00:00
B,62645.93,0.0003,109951983,2024-02-29 11:01:46+00:00
B,62646.2,0.00016,109938377,2024-02-29 11:01:46+00:00
B,62646.34,0.31919,109954081,2024-02-29 11:01:46+00:00
B,62646.9,0.08849,109927279,2024-02-29 11:01:46+00:00
B,62646.98,0.12996,109927277,2024-02-29 11:01:46+00:00
B,62646.99,0.32276,109954607,2024-02-29 11:01:46+00:00
B,62647.38,0.00016,109938375,2024-02-29 11:01:46+00:00
B,62648.2,0.12996,109927275,2024-02-29 11:01:46+00:00
B,62649.2,0.02096,109931343,2024-02-29 11:01:46+00:00
B,62649.26,6.42552,109955405,2024-02-29 11:01:46+00:00
S,62660.82,0.24104,101221100,2024-02-29 11:01:47+00:00
S,62661.1,0.06384,100818970,2024-02-29 11:01:47+00:00
S,62661.99,0.00015,100886730,2024-02-29 11:01:47+00:00
S,62662.35,0.00016,101198258,2024-02-29 11:01:47+00:00
S,62662.91,0.00316,100778304,2024-02-29 11:01:47+00:00
S,62664.12,0.01229,101216660,2024-02-29 11:01:47+00:00
S,62664.2,0.03239,101221854,2024-02-29 11:01:47+00:00
S,62664.41,0.01595,100761194,2024-02-29 11:01:47+00:00
S,62665.0,0.00079,101133018,2024-02-29 11:01:47+00:00
S,62665.61,0.00017,100805236,2024-02-29 11:01:47+00:00
B,62653.78,0.35885,109965845,2024-02-29 11:01:47+00:00
B,62653.87,0.15,109962999,2024-02-29 11:01:47+00:00
B,62654.23,0.00018,109964885,2024-02-29 11:01:47+00:00
B,62654.93,0.13014,109962997,2024-02-29 11:01:47+00:00
B,62654.94,0.31915,109965843,2024-02-29 11:01:47+00:00
B,62657.68,0.14956,109964039,2024-02-29 11:01:47+00:00
B,62659.99,0.88218,109964037,2024-02-29 11:01:47+00:00
B,62660.11,0.15,109964883,2024-02-29 11:01:47+00:00
B,62660.12,0.06817,109965841,2024-02-29 11:01:47+00:00
B,62660.81,8.96296,109965839,2024-02-29 11:01:47+00:00
S,62668.0,1.2737,101229428,2024-02-29 11:01:48+00:00
S,62668.89,0.04127,101229430,2024-02-29 11:01:48+00:00
S,62669.84,0.00638,101218696,2024-02-29 11:01:48+00:00
S,62669.98,0.00016,101198260,2024-02-29 11:01:48+00:00
S,62670.0,0.0315,101088040,2024-02-29 11:01:48+00:00
S,62670.32,0.14468,101229432,2024-02-29 11:01:48+00:00
S,62671.1,0.06383,100790838,2024-02-29 11:01:48+00:00
S,62671.19,0.01145,101224712,2024-02-29 11:01:48+00:00
S,62671.77,0.00334,101019018,2024-02-29 11:01:48+00:00
S,62672.75,0.00013,100762992,2024-02-29 11:01:48+00:00
B,62661.21,0.15,109971669,2024-02-29 11:01:48+00:00
B,62661.22,0.40135,109972997,2024-02-29 11:01:48+00:00
B,62661.23,0.38704,109974447,2024-02-29 11:01:48+00:00
B,62661.24,0.40135,109975453,2024-02-29 11:01:48+00:00
B,62664.4,0.3191,109972995,2024-02-29 11:01:48+00:00
B,62664.41,0.19155,109975451,2024-02-29 11:01:48+00:00
B,62665.71,0.03,109971667,2024-02-29 11:01:48+00:00
B,62665.72,0.048,109972993,2024-02-29 11:01:48+00:00
B,62666.63,0.08849,109977991,2024-02-29 11:01:48+00:00
B,62667.99,8.74837,109977989,2024-02-29 11:01:48+00:00
S,62671.1,0.4209,101239424,2024-02-29 11:01:49+00:00
S,62671.43,0.02963,101237688,2024-02-29 11:01:49+00:00
S,62671.69,0.15683,101236822,2024-02-29 11:01:49+00:00
S,62671.77,0.00334,101019018,2024-02-29 11:01:49+00:00
S,62672.15,0.00016,101233912,2024-02-29 11:01:49+00:00
S,62673.52,0.02115,101185890,2024-02-29 11:01:49+00:00
S,62675.0,0.00329,100895718,2024-02-29 11:01:49+00:00
S,62676.0,0.48074,100882164,2024-02-29 11:01:49+00:00
S,62676.09,0.00016,101233916,2024-02-29 11:01:49+00:00
S,62676.15,0.15952,101237692,2024-02-29 11:01:49+00:00
B,62666.52,0.00016,109981035,2024-02-29 11:01:49+00:00
B,62666.63,0.08849,109977991,2024-02-29 11:01:49+00:00
B,62667.53,0.19054,109982021,2024-02-29 11:01:49+00:00
B,62667.99,1.34908,109981033,2024-02-29 11:01:49+00:00
B,62668.11,0.15,109982017,2024-02-29 11:01:49+00:00
B,62668.75,0.12994,109982015,2024-02-29 11:01:49+00:00
B,62669.83,0.12994,109982013,2024-02-29 11:01:49+00:00
B,62670.17,1.25,109982011,2024-02-29 11:01:49+00:00
B,62670.83,0.00801,109982009,2024-02-29 11:01:49+00:00
B,62671.09,10.18171,109987477,2024-02-29 11:01:49+00:00
S,62671.77,0.74889,101244426,2024-02-29 11:01:50+00:00
S,62671.82,0.03184,101243354,2024-02-29 11:01:50+00:00
S,62672.15,0.00016,101233912,2024-02-29 11:01:50+00:00
S,62673.52,0.02115,101185890,2024-02-29 11:01:50+00:00
S,62675.0,0.00329,100895718,2024-02-29 11:01:50+00:00
S,62675.06,0.02357,101246034,2024-02-29 11:01:50+00:00
S,62676.0,0.48074,100882164,2024-02-29 11:01:50+00:00
S,62676.09,0.00016,101233916,2024-02-29 11:01:50+00:00
S,62676.5,0.00431,100866614,2024-02-29 11:01:50+00:00
S,62676.51,0.66998,101209618,2024-02-29 11:01:50+00:00
B,62668.75,0.12994,109982015,2024-02-29 11:01:50+00:00
B,62669.83,0.12994,109982013,2024-02-29 11:01:50+00:00
B,62670.83,0.00801,109982009,2024-02-29 11:01:50+00:00
B,62671.09,0.64215,109989813,2024-02-29 11:01:50+00:00
B,62671.21,0.15,109990327,2024-02-29 11:01:50+00:00
B,62671.42,0.0004,109990325,2024-02-29 11:01:50+00:00
B,62671.43,0.4786,109990323,2024-02-29 11:01:50+00:00
B,62671.68,0.12994,109990321,2024-02-29 11:01:50+00:00
B,62671.69,0.02125,109992295,2024-02-29 11:01:50+00:00
B,62671.76,8.96162,109994223,2024-02-29 11:01:50+00:00
S,62671.77,0.99862,101249710,2024-02-29 11:01:51+00:00
S,62671.82,0.03184,101243354,2024-02-29 11:01:51+00:00
S,62672.15,0.00016,101233912,2024-02-29 11:01:51+00:00
S,62673.31,0.094,101248406,2024-02-29 11:01:51+00:00
S,62673.52,0.02115,101185890,2024-02-29 11:01:51+00:00
S,62675.0,0.00329,100895718,2024-02-29 11:01:51+00:00
S,62675.68,0.15952,101246632,2024-02-29 11:01:51+00:00
S,62676.0,0.48074,100882164,2024-02-29 11:01:51+00:00
S,62676.09,0.00016,101233916,2024-02-29 11:01:51+00:00
S,62676.5,0.00431,100866614,2024-02-29 11:01:51+00:00
B,62668.75,0.12994,109982015,2024-02-29 11:01:51+00:00
B,62669.83,0.12994,109982013,2024-02-29 11:01:51+00:00
B,62670.83,0.00801,109982009,2024-02-29 11:01:51+00:00
B,62671.09,0.64215,109989813,2024-02-29 11:01:51+00:00
B,62671.21,0.15,109990327,2024-02-29 11:01:51+00:00
B,62671.42,0.0002,109990325,2024-02-29 11:01:51+00:00
B,62671.43,0.4786,109990323,2024-02-29 11:01:51+00:00
B,62671.68,0.12994,109990321,2024-02-29 11:01:51+00:00
B,62671.69,0.02125,109992295,2024-02-29 11:01:51+00:00
B,62671.76,8.56427,109998719,2024-02-29 11:01:51+00:00
S,62671.77,1.62908,101257222,2024-02-29 11:01:52+00:00
S,62671.82,0.03184,101243354,2024-02-29 11:01:52+00:00
S,62672.15,0.00016,101233912,2024-02-29 11:01:52+00:00
S,62672.31,0.15953,101257224,2024-02-29 11:01:52+00:00
S,62673.31,0.094,101248406,2024-02-29 11:01:52+00:00
S,62673.35,0.31906,101257226,2024-02-29 11:01:52+00:00
S,62673.52,0.02115,101185890,2024-02-29 11:01:52+00:00
S,62675.0,0.00329,100895718,2024-02-29 11:01:52+00:00
S,62676.0,0.48074,100882164,2024-02-29 11:01:52+00:00
S,62676.09,0.00016,101233916,2024-02-29 11:01:52+00:00
B,62668.75,0.12994,109982015,2024-02-29 11:01:52+00:00
B,62669.83,0.12994,109982013,2024-02-29 11:01:52+00:00
B,62669.84,0.07805,110003111,2024-02-29 11:01:52+00:00
B,62670.57,0.03,110003109,2024-02-29 11:01:52+00:00
B,62670.83,0.00801,109982009,2024-02-29 11:01:52+00:00
B,62671.09,0.41728,110004225,2024-02-29 11:01:52+00:00
B,62671.21,0.15,109990327,2024-02-29 11:01:52+00:00
B,62671.68,0.12994,109990321,2024-02-29 11:01:52+00:00
B,62671.69,0.02125,109992295,2024-02-29 11:01:52+00:00
B,62671.76,3.71879,110005081,2024-02-29 11:01:52+00:00
S,62671.77,1.59474,101260470,2024-02-29 11:01:53+00:00
S,62671.82,0.03184,101243354,2024-02-29 11:01:53+00:00
S,62672.15,0.00016,101233912,2024-02-29 11:01:53+00:00
S,62672.31,0.15953,101257224,2024-02-29 11:01:53+00:00
S,62673.31,0.094,101248406,2024-02-29 11:01:53+00:00
S,62673.35,0.31906,101257226,2024-02-29 11:01:53+00:00
S,62673.52,0.02115,101185890,2024-02-29 11:01:53+00:00
S,62675.0,0.00329,100895718,2024-02-29 11:01:53+00:00
S,62676.0,0.48074,100882164,2024-02-29 11:01:53+00:00
S,62676.09,0.00016,101233916,2024-02-29 11:01:53+00:00
B,62668.96,0.31908,110009891,2024-02-29 11:01:53+00:00
B,62669.83,0.28948,110012129,2024-02-29 11:01:53+00:00
B,62669.84,0.18175,110010647,2024-02-29 11:01:53+00:00
B,62670.57,0.03,110003109,2024-02-29 11:01:53+00:00
B,62670.83,0.00801,109982009,2024-02-29 11:01:53+00:00
B,62671.09,0.41728,110004225,2024-02-29 11:01:53+00:00
B,62671.21,0.15,109990327,2024-02-29 11:01:53+00:00
B,62671.68,0.12994,109990321,2024-02-29 11:01:53+00:00
B,62671.69,0.02125,109992295,2024-02-29 11:01:53+00:00
B,62671.76,4.53992,110010645,2024-02-29 11:01:53+00:00
S,62671.77,1.60197,101269946,2024-02-29 11:01:54+00:00
S,62671.82,0.03184,101243354,2024-02-29 11:01:54+00:00
S,62672.15,0.00016,101233912,2024-02-29 11:01:54+00:00
S,62672.31,0.15953,101257224,2024-02-29 11:01:54+00:00
S,62673.31,0.094,101248406,2024-02-29 11:01:54+00:00
S,62673.35,0.31906,101257226,2024-02-29 11:01:54+00:00
S,62673.52,0.02115,101185890,2024-02-29 11:01:54+00:00
S,62675.0,0.00329,100895718,2024-02-29 11:01:54+00:00
S,62676.0,0.48074,100882164,2024-02-29 11:01:54+00:00
S,62676.09,0.00016,101233916,2024-02-29 11:01:54+00:00
B,62668.75,0.12994,109982015,2024-02-29 11:01:54+00:00
B,62669.83,0.12994,110012129,2024-02-29 11:01:54+00:00
B,62669.84,0.07805,110010647,2024-02-29 11:01:54+00:00
B,62670.57,0.03,110003109,2024-02-29 11:01:54+00:00
B,62670.83,0.00801,109982009,2024-02-29 11:01:54+00:00
B,62671.09,0.41728,110004225,2024-02-29 11:01:54+00:00
B,62671.21,0.15,109990327,2024-02-29 11:01:54+00:00
B,62671.68,0.12994,109990321,2024-02-29 11:01:54+00:00
B,62671.69,0.02125,109992295,2024-02-29 11:01:54+00:00
B,62671.76,4.01343,110010645,2024-02-29 11:01:54+00:00
S,62663.17,2.10061,101275042,2024-02-29 11:01:55+00:00
S,62663.18,0.13006,101273530,2024-02-29 11:01:55+00:00
S,62664.29,0.6,101273532,2024-02-29 11:01:55+00:00
S,62664.7,0.13006,101273534,2024-02-29 11:01:55+00:00
S,62665.91,0.13006,101273536,2024-02-29 11:01:55+00:00
S,62666.55,0.01595,101273538,2024-02-29 11:01:55+00:00
S,62666.62,0.08849,101273540,2024-02-29 11:01:55+00:00
S,62667.11,0.58628,101278080,2024-02-29 11:01:55+00:00
S,62667.12,0.13006,101273542,2024-02-29 11:01:55+00:00
S,62667.82,0.34538,101273544,2024-02-29 11:01:55+00:00
B,62660.45,0.00019,109971673,2024-02-29 11:01:55+00:00
B,62660.81,0.62321,109967343,2024-02-29 11:01:55+00:00
B,62660.93,0.15,109968549,2024-02-29 11:01:55+00:00
B,62661.1,0.26383,110021339,2024-02-29 11:01:55+00:00
B,62661.21,0.15,109971669,2024-02-29 11:01:55+00:00
B,62661.22,0.37402,110024639,2024-02-29 11:01:55+00:00
B,62662.04,0.23041,110020121,2024-02-29 11:01:55+00:00
B,62662.27,0.00016,110020117,2024-02-29 11:01:55+00:00
B,62662.28,0.048,110023889,2024-02-29 11:01:55+00:00
B,62663.16,2.73637,110024637,2024-02-29 11:01:55+00:00
S,62663.17,1.80355,101275042,2024-02-29 11:01:56+00:00
S,62663.18,0.4307,101282556,2024-02-29 11:01:56+00:00
S,62664.29,0.6,101273532,2024-02-29 11:01:56+00:00
S,62664.7,0.13006,101273534,2024-02-29 11:01:56+00:00
S,62665.91,0.13006,101273536,2024-02-29 11:01:56+00:00
S,62666.55,0.01595,101273538,2024-02-29 11:01:56+00:00
S,62666.62,0.08849,101273540,2024-02-29 11:01:56+00:00
S,62667.12,0.13006,101273542,2024-02-29 11:01:56+00:00
S,62667.88,0.15,101273546,2024-02-29 11:01:56+00:00
S,62667.99,0.0321,101273548,2024-02-29 11:01:56+00:00
B,62660.81,0.62321,109967343,2024-02-29 11:01:56+00:00
B,62660.93,0.15,109968549,2024-02-29 11:01:56+00:00
B,62661.1,0.58295,110030163,2024-02-29 11:01:56+00:00
B,62661.21,0.15,109971669,2024-02-29 11:01:56+00:00
B,62661.22,0.37402,110024639,2024-02-29 11:01:56+00:00
B,62661.32,0.15956,110030817,2024-02-29 11:01:56+00:00
B,62662.04,0.23041,110020121,2024-02-29 11:01:56+00:00
B,62662.27,0.00016,110020117,2024-02-29 11:01:56+00:00
B,62662.28,0.048,110023889,2024-02-29 11:01:56+00:00
B,62663.16,3.29508,110031309,2024-02-29 11:01:56+00:00
S,62661.26,7.74205,101293264,2024-02-29 11:01:57+00:00
S,62663.05,0.15,101291958,2024-02-29 11:01:57+00:00
S,62663.17,0.53476,101291048,2024-02-29 11:01:57+00:00
S,62663.18,0.4307,101282556,2024-02-29 11:01:57+00:00
S,62663.75,0.07807,101291960,2024-02-29 11:01:57+00:00
S,62663.76,0.094,101285288,2024-02-29 11:01:57+00:00
S,62664.7,0.13006,101273534,2024-02-29 11:01:57+00:00
S,62665.91,0.13006,101273536,2024-02-29 11:01:57+00:00
S,62666.62,0.08849,101273540,2024-02-29 11:01:57+00:00
S,62667.11,0.42041,101289716,2024-02-29 11:01:57+00:00
B,62657.68,0.12994,109964039,2024-02-29 11:01:57+00:00
B,62658.48,0.13487,110041047,2024-02-29 11:01:57+00:00
B,62658.64,0.00016,110021343,2024-02-29 11:01:57+00:00
B,62658.65,0.048,110039173,2024-02-29 11:01:57+00:00
B,62658.69,0.08317,110039171,2024-02-29 11:01:57+00:00
B,62658.7,0.23776,110041735,2024-02-29 11:01:57+00:00
B,62660.81,0.08028,109967343,2024-02-29 11:01:57+00:00
B,62661.1,0.06383,110030163,2024-02-29 11:01:57+00:00
B,62661.11,0.01318,110041733,2024-02-29 11:01:57+00:00
B,62661.25,0.04964,110040271,2024-02-29 11:01:57+00:00
